"ID","NAME","AMOUNT","PRICE","PAYMENTTYPE","BUYERID","CREATETIME"
38407,"電腦周邊配件(hZC60dHG)",1,929,"信用卡",25584,"2017-01-01 15:02:10"
38406,"玩偶、娃娃(FTdRjU29)",1,1149,"信用卡",25584,"2017-01-01 15:02:10"
38414,"零食(FJvL3BsG)",1,1049,"信用卡",18949,"2017-01-01 19:03:20"
38420,"玩偶、娃娃(FTdRjU29)",1,1149,"信用卡",28181,"2017-01-01 22:03:30"
38421,"音響、喇叭(cJnmcQz6)",1,729,"ATM轉帳",26049,"2017-01-01 22:09:53"
38432,"玩偶、娃娃(FTdRjU29)",1,1149,"信用卡",28185,"2017-01-02 01:55:29"
38436,"素食(5CtkT6U2)",3,2297,"信用卡",28187,"2017-01-02 07:30:34"
38437,"美容工具(eopHyQbl)",4,2596,"信用卡",28187,"2017-01-02 07:30:34"
38444,"電腦周邊配件(hZC60dHG)",2,1658,"信用卡",26278,"2017-01-02 13:52:58"
38449,"音響、喇叭(cJnmcQz6)",1,729,"信用卡",26218,"2017-01-02 14:30:59"
38457,"玩偶、娃娃(FTdRjU29)",1,1149,"貨到付款",26136,"2017-01-02 16:35:35"
38458,"玩偶、娃娃(FTdRjU29)",1,1149,"貨到付款",22454,"2017-01-02 16:38:10"
38472,"零食(FJvL3BsG)",1,1049,"貨到付款",28191,"2017-01-02 19:42:32"
38475,"素食(5CtkT6U2)",1,899,"信用卡",27671,"2017-01-02 20:46:33"
38477,"髮飾(TqVzerfZ)",1,1049,"貨到付款",27671,"2017-01-02 21:04:21"
38501,"汽車百貨(IJ7YwBPU)",1,899,"信用卡",28194,"2017-01-03 00:58:39"
38502,"襯衫(q259hDD8)",1,1049,"信用卡",28194,"2017-01-03 00:58:39"
38505,"公仔、模型(npvuDYdw)",1,1099,"ATM轉帳",28195,"2017-01-03 04:33:36"
38511,"美容工具(eopHyQbl)",1,799,"ATM轉帳",22294,"2017-01-03 09:57:51"
38526,"鍵盤滑鼠(7m01HSyY)",1,729,"信用卡",28197,"2017-01-03 10:40:56"
38531,"側背包(Zhy2wZU3)",1,480,"現金",17899,"2017-01-03 12:05:55"
38532,"側背包(Zhy2wZU3)",2,760,"貨到付款",22370,"2017-01-03 12:05:57"
38537,"雨具(OTCM0snZ)",1,820,"貨到付款",22370,"2017-01-03 12:05:57"
38534,"裙子(cGODwGwx)",1,580,"貨到付款",22370,"2017-01-03 12:05:57"
38535,"燈具(fni5Ydkt)",1,640,"貨到付款",22370,"2017-01-03 12:05:57"
38536,"帽T(tU6luuE2)",1,599,"貨到付款",22370,"2017-01-03 12:05:57"
38533,"掌上型電玩(nnSm6kEZ)",1,1040,"貨到付款",22370,"2017-01-03 12:05:57"
38539,"後背包(el6edmM5)",1,560,"信用卡",19985,"2017-01-03 12:06:04"
38538,"電腦零組件(ibkJ7o5T)",1,350,"信用卡",19985,"2017-01-03 12:06:04"
38541,"涼鞋(1QRgMkKi)",2,660,"信用卡",19985,"2017-01-03 12:06:04"
38542,"外套(QCxltbul)",1,430,"信用卡",19985,"2017-01-03 12:06:04"
38540,"素食(ToqF8Ykp)",1,620,"信用卡",19985,"2017-01-03 12:06:04"
38545,"素食(ToqF8Ykp)",1,620,"信用卡",28101,"2017-01-03 12:06:33"
38543,"側背包(Zhy2wZU3)",1,480,"信用卡",28101,"2017-01-03 12:06:33"
38544,"後背包(el6edmM5)",1,560,"信用卡",28101,"2017-01-03 12:06:33"
38548,"後背包(el6edmM5)",1,560,"信用卡",25608,"2017-01-03 12:08:00"
38549,"裙子(cGODwGwx)",1,580,"信用卡",25608,"2017-01-03 12:08:00"
38551,"裙子(cGODwGwx)",1,580,"信用卡",27016,"2017-01-03 12:08:10"
38552,"燈具(fni5Ydkt)",1,640,"信用卡",27016,"2017-01-03 12:08:10"
38550,"相機(0vR7Oafo)",1,950,"信用卡",27016,"2017-01-03 12:08:10"
38553,"素食(ToqF8Ykp)",1,620,"貨到付款",27245,"2017-01-03 12:09:20"
38555,"素食(ToqF8Ykp)",1,620,"信用卡",17215,"2017-01-03 12:10:20"
38556,"後背包(el6edmM5)",1,560,"信用卡",17215,"2017-01-03 12:10:20"
38554,"電腦零組件(ibkJ7o5T)",1,350,"信用卡",17215,"2017-01-03 12:10:20"
38558,"電腦零組件(ibkJ7o5T)",1,350,"信用卡",19965,"2017-01-03 12:10:48"
38557,"後背包(el6edmM5)",1,560,"信用卡",19965,"2017-01-03 12:10:48"
38562,"燈具(fni5Ydkt)",1,640,"信用卡",19965,"2017-01-03 12:10:48"
38560,"裙子(cGODwGwx)",1,580,"信用卡",19965,"2017-01-03 12:10:48"
38559,"素食(ToqF8Ykp)",1,620,"信用卡",19965,"2017-01-03 12:10:48"
38561,"臉部保養(gmS1VFcj)",1,550,"信用卡",19965,"2017-01-03 12:10:48"
38565,"臉部保養(gmS1VFcj)",1,550,"信用卡",24944,"2017-01-03 12:10:53"
38566,"平板電腦(qzCvOkw3)",1,460,"信用卡",24944,"2017-01-03 12:10:53"
38564,"裙子(cGODwGwx)",1,580,"信用卡",24944,"2017-01-03 12:10:53"
38563,"後背包(el6edmM5)",1,560,"信用卡",24944,"2017-01-03 12:10:53"
38567,"電腦零組件(ibkJ7o5T)",1,350,"信用卡",24944,"2017-01-03 12:10:53"
38568,"電腦零組件(ibkJ7o5T)",1,350,"現金",27765,"2017-01-03 12:15:56"
38569,"素食(ToqF8Ykp)",1,620,"現金",27765,"2017-01-03 12:15:56"
38572,"素食(ToqF8Ykp)",1,620,"貨到付款",17890,"2017-01-03 12:21:49"
38570,"電腦零組件(ibkJ7o5T)",1,350,"貨到付款",17890,"2017-01-03 12:21:49"
38571,"後背包(el6edmM5)",1,560,"貨到付款",17890,"2017-01-03 12:21:49"
38573,"燈具(fni5Ydkt)",1,640,"貨到付款",17890,"2017-01-03 12:21:49"
38574,"相機(0vR7Oafo)",1,950,"信用卡",17499,"2017-01-03 12:23:26"
38575,"掌上型電玩(nnSm6kEZ)",1,1040,"信用卡",17499,"2017-01-03 12:23:26"
38578,"掌上型電玩(nnSm6kEZ)",1,1040,"信用卡",27333,"2017-01-03 12:23:39"
38577,"相機(0vR7Oafo)",1,950,"信用卡",27333,"2017-01-03 12:23:39"
38576,"雨具(OTCM0snZ)",1,820,"信用卡",27333,"2017-01-03 12:23:39"
38590,"相機(0vR7Oafo)",1,950,"貨到付款",27216,"2017-01-03 12:30:42"
38588,"電腦零組件(ibkJ7o5T)",1,350,"貨到付款",27216,"2017-01-03 12:30:42"
38587,"後背包(el6edmM5)",1,560,"貨到付款",27216,"2017-01-03 12:30:42"
38589,"平板電腦(qzCvOkw3)",1,460,"貨到付款",27216,"2017-01-03 12:30:42"
38592,"男鞋(4pzsAdVf)",1,1149,"信用卡",28201,"2017-01-03 12:32:49"
38596,"掌上型電玩(nnSm6kEZ)",1,1040,"信用卡",18791,"2017-01-03 12:39:02"
38599,"燈具(fni5Ydkt)",1,640,"信用卡",18791,"2017-01-03 12:39:02"
38597,"側背包(Zhy2wZU3)",1,480,"信用卡",18791,"2017-01-03 12:39:02"
38598,"平板電腦(qzCvOkw3)",1,460,"信用卡",18791,"2017-01-03 12:39:02"
38595,"臉部保養(gmS1VFcj)",1,550,"信用卡",18791,"2017-01-03 12:39:02"
38600,"側背包(Zhy2wZU3)",1,480,"現金",17643,"2017-01-03 12:45:07"
38601,"後背包(el6edmM5)",1,560,"現金",18814,"2017-01-03 12:46:15"
38608,"男鞋(4pzsAdVf)",1,1149,"信用卡",17869,"2017-01-03 12:55:05"
38609,"男鞋(4pzsAdVf)",1,1149,"信用卡",22473,"2017-01-03 12:56:25"
38612,"男鞋(4pzsAdVf)",1,1149,"ATM轉帳",18994,"2017-01-03 12:58:14"
38614,"後背包(el6edmM5)",1,560,"信用卡",27129,"2017-01-03 12:58:23"
38613,"側背包(Zhy2wZU3)",1,480,"信用卡",27129,"2017-01-03 12:58:23"
38615,"男鞋(4pzsAdVf)",1,1149,"貨到付款",22454,"2017-01-03 12:59:37"
38616,"男鞋(4pzsAdVf)",1,1149,"信用卡",28202,"2017-01-03 12:59:56"
38617,"鍵盤滑鼠(7m01HSyY)",1,729,"信用卡",27129,"2017-01-03 13:00:24"
38618,"公仔、模型(npvuDYdw)",1,1099,"信用卡",22473,"2017-01-03 13:03:23"
38619,"男鞋(4pzsAdVf)",1,1149,"信用卡",28203,"2017-01-03 13:04:26"
38623,"側背包(Zhy2wZU3)",1,480,"現金",27107,"2017-01-03 13:13:45"
38625,"男鞋(4pzsAdVf)",1,1149,"貨到付款",28206,"2017-01-03 13:21:24"
38626,"男鞋(4pzsAdVf)",1,1149,"ATM轉帳",17177,"2017-01-03 13:26:03"
38675,"鍵盤滑鼠(7m01HSyY)",2,1258,"信用卡",28210,"2017-01-03 16:04:57"
38679,"鍵盤滑鼠(7m01HSyY)",10,5490,"ATM轉帳",26996,"2017-01-03 16:35:51"
38697,"鍵盤滑鼠(7m01HSyY)",2,1258,"貨到付款",17810,"2017-01-03 18:06:46"
38702,"耳機喇叭(cTwwO0Az)",1,929,"ATM轉帳",27271,"2017-01-03 18:34:21"
38707,"耳機喇叭(cTwwO0Az)",1,929,"信用卡",27947,"2017-01-03 20:42:05"
38729,"素食(5CtkT6U2)",3,2297,"信用卡",25040,"2017-01-03 22:06:19"
38728,"耳環(31xukndt)",1,799,"信用卡",25040,"2017-01-03 22:06:19"
38730,"襯衫(q259hDD8)",1,1049,"信用卡",25040,"2017-01-03 22:13:04"
38731,"素食(5CtkT6U2)",6,4394,"信用卡",27028,"2017-01-03 22:19:40"
38737,"素食(5CtkT6U2)",2,1598,"信用卡",27130,"2017-01-03 22:49:36"
38743,"鍵盤滑鼠(7m01HSyY)",1,729,"信用卡",27470,"2017-01-04 00:15:19"
38742,"戶外休閒用品(Wxfv2DNR)",1,1049,"信用卡",27470,"2017-01-04 00:15:19"
38761,"鍵盤滑鼠(7m01HSyY)",1,729,"ATM轉帳",25664,"2017-01-04 10:29:30"
38760,"戶外休閒用品(Wxfv2DNR)",1,1049,"ATM轉帳",25664,"2017-01-04 10:29:30"
38763,"平板電腦(wJgzG8A5)",1,580,"信用卡",28218,"2017-01-04 10:41:31"
38762,"玩偶、娃娃(kGlQ7jfA)",1,560,"信用卡",28218,"2017-01-04 10:41:31"
38767,"平板電腦(wJgzG8A5)",2,960,"信用卡",27424,"2017-01-04 11:16:05"
38766,"耳機喇叭(BtJoGJEu)",1,1040,"信用卡",27424,"2017-01-04 11:16:05"
38768,"耳環(31xukndt)",2,1398,"信用卡",28221,"2017-01-04 11:19:26"
38769,"戶外休閒用品(Wxfv2DNR)",1,1049,"ATM轉帳",28223,"2017-01-04 11:22:32"
38773,"耳機喇叭(BtJoGJEu)",1,1040,"信用卡",24614,"2017-01-04 11:36:53"
38774,"音響、喇叭(CEzOTdmh)",1,950,"信用卡",28129,"2017-01-04 11:37:05"
38775,"平板電腦(wJgzG8A5)",1,580,"貨到付款",17821,"2017-01-04 11:37:12"
38776,"玩偶、娃娃(kGlQ7jfA)",1,560,"貨到付款",17821,"2017-01-04 11:37:12"
38777,"玩偶、娃娃(kGlQ7jfA)",1,560,"信用卡",17395,"2017-01-04 11:37:54"
38783,"男鞋(AsvD0MjQ)",1,620,"貨到付款",26670,"2017-01-04 11:40:05"
38782,"平板電腦(wJgzG8A5)",1,580,"貨到付款",26670,"2017-01-04 11:40:05"
38781,"玩偶、娃娃(kGlQ7jfA)",1,560,"貨到付款",26670,"2017-01-04 11:40:05"
38784,"玩偶、娃娃(kGlQ7jfA)",1,560,"現金",27789,"2017-01-04 11:43:20"
38785,"平板電腦(wJgzG8A5)",1,580,"現金",27789,"2017-01-04 11:43:20"
38786,"鍵盤滑鼠(7m01HSyY)",1,729,"信用卡",27777,"2017-01-04 11:43:49"
38788,"平板電腦(wJgzG8A5)",1,580,"信用卡",27027,"2017-01-04 11:45:15"
38787,"玩偶、娃娃(kGlQ7jfA)",1,560,"信用卡",27027,"2017-01-04 11:45:15"
38789,"男鞋(AsvD0MjQ)",1,620,"信用卡",30086,"2017-01-04 11:45:23"
38790,"耳機喇叭(BtJoGJEu)",1,1040,"信用卡",30086,"2017-01-04 11:45:23"
38791,"平板電腦(wJgzG8A5)",1,580,"信用卡",30086,"2017-01-04 11:45:23"
38794,"玩偶、娃娃(kGlQ7jfA)",1,560,"信用卡",26730,"2017-01-04 12:01:21"
38795,"男鞋(AsvD0MjQ)",1,620,"信用卡",26730,"2017-01-04 12:01:21"
38797,"髮飾(CUP4q3XG)",1,430,"信用卡",26730,"2017-01-04 12:01:21"
38796,"生活家電(cvlpXKQ0)",1,430,"信用卡",26730,"2017-01-04 12:01:21"
38798,"髮飾(CUP4q3XG)",1,430,"貨到付款",18812,"2017-01-04 12:04:43"
38800,"音響、喇叭(GKaBedZQ)",1,550,"貨到付款",18812,"2017-01-04 12:04:43"
38799,"男鞋(AsvD0MjQ)",1,620,"貨到付款",18812,"2017-01-04 12:04:43"
38801,"玩偶、娃娃(kGlQ7jfA)",1,560,"貨到付款",18812,"2017-01-04 12:04:43"
38803,"美容工具(eopHyQbl)",1,799,"信用卡",28224,"2017-01-04 12:05:36"
38802,"戶外休閒用品(Wxfv2DNR)",1,1049,"信用卡",28224,"2017-01-04 12:05:36"
38805,"素食(5CtkT6U2)",1,899,"ATM轉帳",22370,"2017-01-04 12:08:34"
38804,"耳環(31xukndt)",2,1398,"ATM轉帳",22370,"2017-01-04 12:08:34"
38809,"玩偶、娃娃(kGlQ7jfA)",1,560,"現金",25879,"2017-01-04 12:11:23"
38810,"玩偶、娃娃(kGlQ7jfA)",1,560,"貨到付款",27847,"2017-01-04 12:13:51"
38811,"音響、喇叭(GKaBedZQ)",1,550,"貨到付款",27847,"2017-01-04 12:13:51"
38815,"平板電腦(wJgzG8A5)",2,960,"信用卡",25661,"2017-01-04 12:23:47"
38817,"玩偶、娃娃(kGlQ7jfA)",1,560,"信用卡",25661,"2017-01-04 12:23:47"
38816,"耳機喇叭(BtJoGJEu)",1,1040,"信用卡",25661,"2017-01-04 12:23:47"
38820,"耳機喇叭(BtJoGJEu)",1,1040,"信用卡",17177,"2017-01-04 12:26:08"
38819,"音響、喇叭(CEzOTdmh)",1,950,"信用卡",17177,"2017-01-04 12:26:08"
38821,"戶外休閒用品(Wxfv2DNR)",1,1049,"貨到付款",27805,"2017-01-04 12:28:51"
38826,"男鞋(AsvD0MjQ)",1,620,"信用卡",26828,"2017-01-04 12:53:30"
38828,"後背包(MzCYypaf)",1,1099,"貨到付款",26924,"2017-01-04 12:59:52"
38831,"後背包(MzCYypaf)",2,1998,"信用卡",17920,"2017-01-04 13:00:22"
38832,"後背包(MzCYypaf)",1,1099,"信用卡",26341,"2017-01-04 13:00:27"
38833,"後背包(MzCYypaf)",1,1099,"ATM轉帳",17846,"2017-01-04 13:00:59"
38835,"後背包(MzCYypaf)",3,2897,"ATM轉帳",22370,"2017-01-04 13:01:45"
38836,"後背包(MzCYypaf)",1,1099,"信用卡",25580,"2017-01-04 13:01:46"
38838,"後背包(MzCYypaf)",1,1099,"信用卡",25125,"2017-01-04 13:01:58"
38839,"後背包(MzCYypaf)",2,1998,"信用卡",25025,"2017-01-04 13:01:59"
38840,"後背包(MzCYypaf)",1,1099,"信用卡",17926,"2017-01-04 13:02:13"
38841,"後背包(MzCYypaf)",1,1099,"信用卡",25045,"2017-01-04 13:02:14"
38842,"後背包(MzCYypaf)",1,1099,"信用卡",27129,"2017-01-04 13:02:49"
38843,"後背包(MzCYypaf)",1,1099,"信用卡",25638,"2017-01-04 13:02:52"
38845,"音響、喇叭(CEzOTdmh)",1,950,"信用卡",25435,"2017-01-04 13:16:24"
38846,"美髮護理(Dp4o9sYK)",1,1149,"信用卡",27547,"2017-01-04 13:17:23"
38849,"耳機喇叭(BtJoGJEu)",1,1040,"貨到付款",28237,"2017-01-04 13:33:48"
38848,"玩偶、娃娃(kGlQ7jfA)",1,560,"貨到付款",28237,"2017-01-04 13:33:48"
38850,"汽車百貨(IJ7YwBPU)",1,899,"信用卡",26627,"2017-01-04 13:38:42"
38851,"戶外休閒用品(Wxfv2DNR)",1,1049,"信用卡",26627,"2017-01-04 13:38:42"
38854,"美容工具(eopHyQbl)",1,799,"信用卡",28239,"2017-01-04 13:55:54"
38857,"後背包(MzCYypaf)",1,1099,"信用卡",25666,"2017-01-04 14:09:03"
38858,"後背包(MzCYypaf)",1,1099,"信用卡",24846,"2017-01-04 14:11:16"
38859,"後背包(MzCYypaf)",1,1099,"貨到付款",26147,"2017-01-04 14:12:01"
38872,"手錶(iSyhjtfL)",2,500,"貨到付款",22554,"2017-01-04 14:14:37"
38873,"後背包(MzCYypaf)",1,1099,"信用卡",26730,"2017-01-04 14:19:37"
38876,"耳環(31xukndt)",1,799,"信用卡",28242,"2017-01-04 14:23:31"
38880,"後背包(MzCYypaf)",2,1998,"信用卡",28243,"2017-01-04 14:35:13"
38882,"汽車百貨(IJ7YwBPU)",1,899,"信用卡",28243,"2017-01-04 14:39:04"
38884,"汽車百貨(IJ7YwBPU)",1,899,"信用卡",18849,"2017-01-04 15:03:15"
38885,"襯衫(q259hDD8)",1,1049,"信用卡",18849,"2017-01-04 15:03:15"
38887,"後背包(MzCYypaf)",1,1099,"信用卡",25833,"2017-01-04 15:32:57"
38888,"後背包(MzCYypaf)",1,1099,"信用卡",27107,"2017-01-04 15:35:03"
38891,"鍵盤滑鼠(7m01HSyY)",1,729,"貨到付款",28246,"2017-01-04 15:54:53"
38895,"後背包(MzCYypaf)",1,1099,"ATM轉帳",28183,"2017-01-04 16:16:20"
38901,"耳機喇叭(cTwwO0Az)",2,1658,"信用卡",28248,"2017-01-04 16:27:22"
38902,"襯衫(q259hDD8)",1,1049,"信用卡",27547,"2017-01-04 16:34:35"
38954,"美髮護理(Dp4o9sYK)",1,1149,"信用卡",28250,"2017-01-04 18:49:39"
38955,"美容工具(eopHyQbl)",1,799,"信用卡",28250,"2017-01-04 18:56:02"
38961,"耳環(31xukndt)",1,799,"ATM轉帳",28183,"2017-01-04 21:14:42"
38962,"耳環(31xukndt)",1,799,"ATM轉帳",17693,"2017-01-04 21:34:30"
38963,"耳環(31xukndt)",1,799,"ATM轉帳",28253,"2017-01-04 21:34:52"
38965,"美髮護理(Dp4o9sYK)",1,1149,"信用卡",24641,"2017-01-04 21:52:49"
38964,"耳環(31xukndt)",1,799,"信用卡",24641,"2017-01-04 21:52:49"
38966,"耳環(31xukndt)",1,799,"信用卡",25907,"2017-01-04 21:59:50"
38967,"耳環(31xukndt)",1,799,"信用卡",28256,"2017-01-04 22:08:35"
38969,"耳環(31xukndt)",1,799,"信用卡",28255,"2017-01-04 22:11:52"
38972,"汽車百貨(Vv86uHx3)",1,950,"信用卡",25226,"2017-01-04 22:28:30"
38971,"鍵盤滑鼠(yPYqm6m6)",1,640,"信用卡",25226,"2017-01-04 22:28:30"
38974,"耳環(31xukndt)",1,799,"信用卡",25226,"2017-01-04 22:33:18"
38977,"耳機喇叭(cTwwO0Az)",1,929,"ATM轉帳",28251,"2017-01-04 23:35:21"
38998,"寵物零食(8MC8fJie)",1,1049,"信用卡",28264,"2017-01-05 10:59:24"
38999,"寵物零食(8MC8fJie)",1,1049,"信用卡",28264,"2017-01-05 11:09:58"
39002,"襪子(KXvkd9Fa)",1,999,"信用卡",18860,"2017-01-05 11:33:07"
39076,"鍵盤滑鼠(7m01HSyY)",1,729,"貨到付款",28094,"2017-01-05 13:08:53"
39077,"鍵盤滑鼠(7m01HSyY)",1,729,"信用卡",28001,"2017-01-05 13:10:14"
39078,"鍵盤滑鼠(7m01HSyY)",1,729,"ATM轉帳",17524,"2017-01-05 13:15:28"
39080,"鍵盤滑鼠(7m01HSyY)",1,729,"信用卡",28265,"2017-01-05 13:16:46"
39079,"寵物零食(8MC8fJie)",1,1049,"信用卡",28265,"2017-01-05 13:16:46"
39081,"鍵盤滑鼠(7m01HSyY)",4,2316,"貨到付款",28269,"2017-01-05 13:17:56"
39082,"鍵盤滑鼠(7m01HSyY)",1,729,"信用卡",27845,"2017-01-05 13:20:30"
39083,"鍵盤滑鼠(7m01HSyY)",1,729,"信用卡",18818,"2017-01-05 13:21:44"
39085,"鍵盤滑鼠(7m01HSyY)",2,1258,"信用卡",27704,"2017-01-05 13:25:47"
39111,"鍵盤滑鼠(7m01HSyY)",1,729,"ATM轉帳",25585,"2017-01-05 13:35:04"
39115,"鍵盤滑鼠(7m01HSyY)",1,729,"信用卡",28270,"2017-01-05 13:53:30"
39114,"樂器(WPJ15hk8)",1,1049,"信用卡",28270,"2017-01-05 13:53:30"
39116,"汽車百貨(Vv86uHx3)",1,950,"信用卡",27143,"2017-01-05 14:19:58"
39117,"掌上型電玩(yRjolrB1)",1,550,"信用卡",27143,"2017-01-05 14:19:58"
39118,"鍵盤滑鼠(7m01HSyY)",1,729,"ATM轉帳",20087,"2017-01-05 15:48:16"
39120,"樂器(B3wmqqKe)",1,620,"貨到付款",27717,"2017-01-05 16:01:25"
39122,"男鞋(XDLp5Xvm)",1,350,"貨到付款",27717,"2017-01-05 16:01:25"
39121,"鍵盤滑鼠(yPYqm6m6)",1,640,"貨到付款",27717,"2017-01-05 16:01:25"
39128,"鍵盤滑鼠(7m01HSyY)",1,729,"信用卡",27393,"2017-01-05 16:32:40"
39129,"鍵盤滑鼠(7m01HSyY)",2,1258,"信用卡",26761,"2017-01-05 16:51:14"
39133,"男鞋(XDLp5Xvm)",1,350,"貨到付款",26947,"2017-01-05 16:57:05"
39134,"樂器(B3wmqqKe)",1,620,"貨到付款",26947,"2017-01-05 16:57:05"
39132,"掌上型電玩(yRjolrB1)",1,550,"貨到付款",26947,"2017-01-05 16:57:05"
39136,"襪子(2U5Lgu5S)",1,899,"信用卡",28273,"2017-01-05 16:58:30"
39141,"鍵盤滑鼠(7m01HSyY)",2,1258,"貨到付款",28139,"2017-01-05 18:40:31"
39151,"樂器(WPJ15hk8)",3,2747,"信用卡",28276,"2017-01-05 20:24:57"
39152,"襪子(2U5Lgu5S)",1,899,"信用卡",28273,"2017-01-05 20:36:47"
39201,"行李箱(b2TZvcF4)",1,640,"信用卡",25652,"2017-01-06 10:34:14"
39203,"靴子(NiO0bEvy)",1,480,"信用卡",25652,"2017-01-06 10:34:14"
39202,"背心(bT0OA7hC)",1,560,"信用卡",25652,"2017-01-06 10:34:14"
39213,"水壺、杯子(gasmy1Sd)",1,350,"信用卡",27943,"2017-01-06 11:44:28"
39212,"背心(bT0OA7hC)",1,560,"信用卡",27943,"2017-01-06 11:44:28"
39216,"CD&DVD(63z9EGCa)",1,440,"信用卡",18678,"2017-01-06 11:45:22"
39214,"後背包(c7c1reer)",1,1040,"信用卡",18678,"2017-01-06 11:45:22"
39215,"音響、喇叭(trx78T4b)",1,550,"信用卡",18678,"2017-01-06 11:45:22"
39217,"後背包(c7c1reer)",1,1040,"信用卡",25661,"2017-01-06 11:46:06"
39219,"零食(M5bVJ43q)",1,550,"信用卡",25661,"2017-01-06 11:46:06"
39218,"行李箱(b2TZvcF4)",1,640,"信用卡",25661,"2017-01-06 11:46:06"
39222,"後背包(c7c1reer)",1,1040,"貨到付款",17615,"2017-01-06 11:46:10"
39221,"CD&DVD(63z9EGCa)",1,440,"貨到付款",17615,"2017-01-06 11:46:10"
39220,"機車百貨(bX8BHgtT)",1,950,"貨到付款",17615,"2017-01-06 11:46:10"
39227,"CD&DVD(63z9EGCa)",1,440,"信用卡",26934,"2017-01-06 11:49:31"
39224,"長褲(xKJm5gAj)",1,580,"信用卡",26934,"2017-01-06 11:49:31"
39225,"行李箱(b2TZvcF4)",2,1080,"信用卡",26934,"2017-01-06 11:49:31"
39226,"水壺、杯子(gasmy1Sd)",1,350,"信用卡",26934,"2017-01-06 11:49:31"
39229,"運動鞋(sf3xBd3o)",1,820,"信用卡",24720,"2017-01-06 11:49:53"
39228,"零食(M5bVJ43q)",1,550,"信用卡",24720,"2017-01-06 11:49:53"
39230,"長褲(xKJm5gAj)",1,580,"信用卡",24720,"2017-01-06 11:49:53"
39231,"男鞋(9uc5F4mM)",1,350,"信用卡",24720,"2017-01-06 11:49:53"
39233,"長褲(xKJm5gAj)",1,580,"貨到付款",28293,"2017-01-06 11:51:18"
39232,"水壺、杯子(gasmy1Sd)",1,350,"貨到付款",28293,"2017-01-06 11:51:18"
39238,"音響、喇叭(trx78T4b)",1,550,"貨到付款",26865,"2017-01-06 11:59:23"
39239,"靴子(NiO0bEvy)",1,480,"貨到付款",26865,"2017-01-06 11:59:23"
39240,"洋裝(0kxltRK8)",1,430,"無",17531,"2017-01-06 11:59:45"
39242,"男鞋(9uc5F4mM)",1,350,"現金",17643,"2017-01-06 12:01:32"
39243,"靴子(NiO0bEvy)",1,480,"現金",24866,"2017-01-06 12:02:09"
39245,"後背包(UaliNpe9)",1,1099,"信用卡",27072,"2017-01-06 12:16:14"
39246,"後背包(UaliNpe9)",1,1099,"信用卡",28295,"2017-01-06 12:17:18"
39247,"後背包(UaliNpe9)",2,1998,"信用卡",24850,"2017-01-06 12:17:59"
39250,"後背包(UaliNpe9)",1,1099,"ATM轉帳",26740,"2017-01-06 12:21:29"
39251,"襪子(2U5Lgu5S)",1,899,"信用卡",28295,"2017-01-06 12:22:00"
39252,"後背包(UaliNpe9)",1,1099,"貨到付款",26259,"2017-01-06 12:24:41"
39255,"男鞋(9uc5F4mM)",1,350,"信用卡",27615,"2017-01-06 12:24:57"
39254,"行李箱(b2TZvcF4)",1,640,"信用卡",27615,"2017-01-06 12:24:57"
39253,"水壺、杯子(gasmy1Sd)",1,350,"信用卡",27615,"2017-01-06 12:24:57"
39258,"美妝保健(adPIzyyQ)",1,460,"信用卡",27066,"2017-01-06 12:27:57"
39257,"零食(M5bVJ43q)",1,550,"信用卡",27066,"2017-01-06 12:27:57"
39256,"CD&DVD(Z2V6xgmb)",1,620,"信用卡",27066,"2017-01-06 12:27:57"
39260,"美妝保健(adPIzyyQ)",2,720,"信用卡",22520,"2017-01-06 12:29:09"
39259,"行李箱(b2TZvcF4)",1,640,"信用卡",22520,"2017-01-06 12:29:09"
39261,"水壺、杯子(gasmy1Sd)",1,350,"信用卡",25096,"2017-01-06 12:31:36"
39262,"CD&DVD(Z2V6xgmb)",1,620,"信用卡",25096,"2017-01-06 12:31:36"
39263,"機車百貨(bX8BHgtT)",1,950,"信用卡",25096,"2017-01-06 12:31:36"
39264,"後背包(UaliNpe9)",1,1099,"信用卡",19019,"2017-01-06 12:33:56"
39265,"襪子(2U5Lgu5S)",1,899,"信用卡",19019,"2017-01-06 12:39:35"
39267,"後背包(UaliNpe9)",1,1099,"信用卡",27449,"2017-01-06 12:56:34"
39268,"後背包(UaliNpe9)",1,1099,"貨到付款",26826,"2017-01-06 13:04:35"
39269,"後背包(UaliNpe9)",5,4695,"貨到付款",25040,"2017-01-06 13:06:08"
39272,"CD&DVD(Z2V6xgmb)",1,620,"信用卡",27999,"2017-01-06 13:37:45"
39270,"美妝保健(adPIzyyQ)",1,460,"信用卡",27999,"2017-01-06 13:37:45"
39271,"行李箱(b2TZvcF4)",1,640,"信用卡",27999,"2017-01-06 13:37:45"
39275,"靴子(NiO0bEvy)",1,480,"現金",34110,"2017-01-06 13:46:50"
39276,"後背包(UaliNpe9)",1,1099,"貨到付款",28300,"2017-01-06 13:46:56"
39278,"靴子(NiO0bEvy)",1,480,"信用卡",25539,"2017-01-06 13:47:47"
39277,"機車百貨(bX8BHgtT)",1,950,"信用卡",25539,"2017-01-06 13:47:47"
39279,"靴子(NiO0bEvy)",1,480,"信用卡",17195,"2017-01-06 14:00:54"
39280,"燈具(70XYVgsb)",2,660,"信用卡",17195,"2017-01-06 14:00:54"
39282,"洋裝(0kxltRK8)",1,430,"信用卡",17195,"2017-01-06 14:00:54"
39281,"帽T(cGA5yYmv)",1,430,"信用卡",17195,"2017-01-06 14:00:54"
39284,"行李箱(b2TZvcF4)",1,640,"信用卡",26774,"2017-01-06 14:03:52"
39283,"靴子(NiO0bEvy)",1,480,"信用卡",26774,"2017-01-06 14:03:52"
39289,"靴子(NiO0bEvy)",2,760,"現金",26125,"2017-01-06 14:11:31"
39290,"洋裝(0kxltRK8)",1,430,"現金",26125,"2017-01-06 14:11:31"
39295,"靴子(NiO0bEvy)",1,480,"信用卡",22434,"2017-01-06 14:38:37"
39294,"CD&DVD(Z2V6xgmb)",1,620,"信用卡",22434,"2017-01-06 14:38:37"
39301,"寵物零食(8MC8fJie)",1,1049,"ATM轉帳",22504,"2017-01-06 16:02:32"
39309,"美容工具(eopHyQbl)",3,1997,"信用卡",27563,"2017-01-06 17:53:12"
39311,"鍵盤滑鼠(7m01HSyY)",1,729,"信用卡",26421,"2017-01-06 18:13:17"
39313,"美容工具(eopHyQbl)",3,1997,"信用卡",17120,"2017-01-06 18:37:51"
39325,"手錶(nFm3rmKo)",2,1398,"貨到付款",28314,"2017-01-06 21:25:19"
39326,"手錶(nFm3rmKo)",1,799,"ATM轉帳",28315,"2017-01-06 21:36:29"
39327,"手錶(nFm3rmKo)",2,1398,"信用卡",27648,"2017-01-06 21:39:24"
39330,"手錶(nFm3rmKo)",1,799,"貨到付款",28316,"2017-01-06 22:07:08"
39332,"後背包(UaliNpe9)",1,1099,"信用卡",24895,"2017-01-06 22:07:26"
39331,"手錶(nFm3rmKo)",1,799,"信用卡",24895,"2017-01-06 22:07:26"
39334,"手錶(nFm3rmKo)",1,799,"信用卡",17643,"2017-01-06 22:13:17"
39335,"美容工具(eopHyQbl)",1,799,"信用卡",28317,"2017-01-06 22:23:03"
39360,"後背包(UaliNpe9)",1,1099,"貨到付款",22548,"2017-01-07 08:53:29"
39361,"手錶(nFm3rmKo)",1,799,"信用卡",25862,"2017-01-07 09:12:25"
39362,"手錶(nFm3rmKo)",1,799,"信用卡",17643,"2017-01-07 10:55:30"
39370,"後背包(UaliNpe9)",1,1099,"ATM轉帳",25076,"2017-01-07 11:37:39"
39376,"素食(5CtkT6U2)",1,899,"現金",25605,"2017-01-07 11:50:11"
39378,"鍵盤滑鼠(7m01HSyY)",1,729,"信用卡",26730,"2017-01-07 11:57:17"
39377,"樂器(WPJ15hk8)",1,1049,"信用卡",26730,"2017-01-07 11:57:17"
39381,"寵物零食(8MC8fJie)",1,1049,"貨到付款",28323,"2017-01-07 12:09:34"
39384,"手錶(nFm3rmKo)",1,799,"信用卡",22285,"2017-01-07 12:55:02"
39398,"手錶(nFm3rmKo)",1,799,"信用卡",28292,"2017-01-07 14:16:28"
39410,"鍵盤滑鼠(7m01HSyY)",2,1258,"信用卡",26627,"2017-01-07 19:51:11"
39409,"手錶(nFm3rmKo)",1,799,"信用卡",26627,"2017-01-07 19:51:11"
39425,"襪子(2U5Lgu5S)",1,899,"信用卡",27206,"2017-01-08 00:01:15"
39434,"襪子(2U5Lgu5S)",1,899,"信用卡",17571,"2017-01-08 09:54:40"
39447,"襪子(2U5Lgu5S)",1,899,"信用卡",27102,"2017-01-08 12:08:44"
39446,"樂器(WPJ15hk8)",2,1898,"信用卡",27102,"2017-01-08 12:08:44"
39450,"手錶(nFm3rmKo)",1,799,"信用卡",28336,"2017-01-08 12:55:13"
39492,"鍵盤滑鼠(7m01HSyY)",1,729,"信用卡",28342,"2017-01-08 23:40:37"
39502,"髮飾(SGxCvDbx)",1,1049,"ATM轉帳",28344,"2017-01-09 04:44:17"
39503,"行李箱(2eHlZyy4)",2,1998,"貨到付款",28345,"2017-01-09 06:18:34"
39505,"後背包(UaliNpe9)",1,1099,"信用卡",17938,"2017-01-09 08:40:57"
39506,"後背包(UaliNpe9)",1,1099,"信用卡",17938,"2017-01-09 08:42:02"
39507,"後背包(UaliNpe9)",1,1099,"信用卡",17938,"2017-01-09 08:43:04"
39508,"後背包(UaliNpe9)",1,1099,"信用卡",17938,"2017-01-09 08:46:35"
39509,"素食(5CtkT6U2)",1,899,"信用卡",17938,"2017-01-09 08:48:38"
39510,"素食(5CtkT6U2)",1,899,"信用卡",17938,"2017-01-09 08:49:55"
39511,"後背包(UaliNpe9)",1,1099,"信用卡",17938,"2017-01-09 08:51:50"
39532,"居家收納(yBXiyix5)",1,799,"ATM轉帳",28348,"2017-01-09 10:49:47"
39541,"生鮮食品(eJhyRXzJ)",1,270,"現金",22581,"2017-01-09 11:50:48"
39542,"短褲(hkomRkig)",1,380,"現金",22581,"2017-01-09 11:50:48"
39544,"電玩遊戲(SvR3ZhmL)",1,290,"現金",22581,"2017-01-09 11:50:48"
39543,"生鮮食品(bMC3pasi)",1,360,"現金",22581,"2017-01-09 11:50:48"
39545,"短褲(hkomRkig)",1,380,"信用卡",18678,"2017-01-09 11:51:46"
39546,"雨具(wpWNmhs9)",1,630,"信用卡",18678,"2017-01-09 11:51:46"
39550,"雨具(wpWNmhs9)",1,630,"貨到付款",22370,"2017-01-09 11:53:55"
39547,"生鮮食品(eJhyRXzJ)",1,270,"貨到付款",22370,"2017-01-09 11:53:55"
39549,"音響、喇叭(zh36QGEC)",1,550,"貨到付款",22370,"2017-01-09 11:53:55"
39548,"眼妝(VZzV9hXq)",1,550,"貨到付款",22370,"2017-01-09 11:53:55"
39554,"電玩遊戲(SvR3ZhmL)",1,290,"信用卡",18891,"2017-01-09 12:00:06"
39556,"生鮮食品(eJhyRXzJ)",1,270,"信用卡",18891,"2017-01-09 12:00:06"
39558,"雨具(wpWNmhs9)",1,630,"信用卡",18891,"2017-01-09 12:00:06"
39557,"男鞋(C87MROka)",1,640,"信用卡",18891,"2017-01-09 12:00:06"
39555,"生活家電(ayM63Tax)",2,720,"信用卡",18891,"2017-01-09 12:00:06"
39562,"手環(oJ1GUN9g)",1,360,"信用卡",18877,"2017-01-09 12:04:54"
39559,"生鮮食品(eJhyRXzJ)",1,270,"信用卡",18877,"2017-01-09 12:04:54"
39560,"戶外休閒用品(rsWOrPBL)",1,380,"信用卡",18877,"2017-01-09 12:04:54"
39561,"襪子(nu18Lbrm)",1,430,"信用卡",18877,"2017-01-09 12:04:54"
39564,"電玩遊戲(SvR3ZhmL)",1,290,"現金",17643,"2017-01-09 12:05:24"
39563,"電玩遊戲(ufs56ckS)",1,370,"現金",17643,"2017-01-09 12:05:24"
39565,"短褲(hkomRkig)",1,380,"現金",17643,"2017-01-09 12:05:24"
39569,"短褲(hkomRkig)",1,380,"信用卡",25527,"2017-01-09 12:06:06"
39567,"電玩遊戲(SvR3ZhmL)",1,290,"信用卡",25527,"2017-01-09 12:06:06"
39566,"生鮮食品(bMC3pasi)",1,360,"信用卡",25527,"2017-01-09 12:06:06"
39568,"戶外休閒用品(rsWOrPBL)",1,380,"信用卡",25527,"2017-01-09 12:06:06"
39570,"電玩遊戲(ufs56ckS)",1,370,"貨到付款",25999,"2017-01-09 12:06:18"
39571,"相機(E12RIV2n)",1,600,"貨到付款",25999,"2017-01-09 12:06:18"
39572,"男鞋(C87MROka)",1,640,"貨到付款",25999,"2017-01-09 12:06:18"
39579,"生鮮食品(bMC3pasi)",1,360,"信用卡",22520,"2017-01-09 12:14:25"
39577,"眼妝(VZzV9hXq)",1,550,"信用卡",22520,"2017-01-09 12:14:25"
39578,"寢具(GqrgAUPT)",1,410,"信用卡",22520,"2017-01-09 12:14:25"
39576,"運動鞋(BfP1lDFX)",1,820,"信用卡",22520,"2017-01-09 12:14:25"
39581,"相機(E12RIV2n)",1,600,"貨到付款",28355,"2017-01-09 12:17:01"
39582,"眼妝(VZzV9hXq)",1,550,"信用卡",26943,"2017-01-09 12:19:03"
39583,"戶外休閒用品(rsWOrPBL)",1,380,"信用卡",26943,"2017-01-09 12:19:03"
39584,"生活家電(ayM63Tax)",1,460,"信用卡",26943,"2017-01-09 12:19:03"
39585,"男鞋(C87MROka)",1,640,"信用卡",26943,"2017-01-09 12:19:03"
39586,"眼妝(VZzV9hXq)",1,550,"信用卡",27129,"2017-01-09 12:24:55"
39592,"戶外休閒用品(rsWOrPBL)",1,380,"貨到付款",18791,"2017-01-09 12:28:17"
39587,"音響、喇叭(zh36QGEC)",1,550,"貨到付款",18791,"2017-01-09 12:28:17"
39591,"生鮮食品(bMC3pasi)",1,360,"貨到付款",18791,"2017-01-09 12:28:17"
39588,"生鮮食品(eJhyRXzJ)",3,410,"貨到付款",18791,"2017-01-09 12:28:17"
39589,"手環(oJ1GUN9g)",1,360,"貨到付款",18791,"2017-01-09 12:28:17"
39590,"男鞋(C87MROka)",1,640,"貨到付款",18791,"2017-01-09 12:28:17"
39594,"短褲(hkomRkig)",1,380,"貨到付款",27183,"2017-01-09 12:32:34"
39593,"相機(E12RIV2n)",1,600,"貨到付款",27183,"2017-01-09 12:32:34"
39616,"電視機(6ioragf7)",2,660,"貨到付款",25585,"2017-01-09 13:10:31"
39618,"行李箱(fVU9lDnR)",1,430,"貨到付款",25585,"2017-01-09 13:10:31"
39617,"短褲(hkomRkig)",1,380,"貨到付款",25585,"2017-01-09 13:10:31"
39619,"生鮮食品(eJhyRXzJ)",2,340,"貨到付款",25585,"2017-01-09 13:10:31"
39621,"寢具(GqrgAUPT)",2,620,"現金",27813,"2017-01-09 13:16:05"
39620,"運動鞋(BfP1lDFX)",1,820,"現金",27813,"2017-01-09 13:16:05"
39622,"樂器(WPJ15hk8)",1,1049,"信用卡",28300,"2017-01-09 13:21:10"
39625,"美容工具(eopHyQbl)",1,799,"信用卡",27320,"2017-01-09 14:16:15"
39626,"居家收納(yBXiyix5)",1,799,"信用卡",27320,"2017-01-09 14:16:15"
39630,"行李箱(2eHlZyy4)",1,1099,"信用卡",28360,"2017-01-09 14:32:43"
39659,"帽子(P3BAYXhn)",1,1049,"信用卡",26107,"2017-01-09 15:40:05"
39671,"行李箱(2eHlZyy4)",1,1099,"ATM轉帳",28158,"2017-01-09 16:26:44"
40704,"生活家電(1RsVutCX)",1,380,"信用卡",22422,"2017-01-09 17:19:08"
40705,"髮飾(j7m3WL5W)",1,290,"信用卡",22422,"2017-01-09 17:19:08"
40706,"生鮮食品(bMC3pasi)",1,360,"信用卡",22422,"2017-01-09 17:19:08"
40703,"男鞋(C87MROka)",1,640,"信用卡",22422,"2017-01-09 17:19:08"
41714,"居家收納(yBXiyix5)",2,1398,"信用卡",18849,"2017-01-09 18:36:07"
41725,"文具(QmELupjK)",2,660,"信用卡",25785,"2017-01-09 21:49:47"
41726,"襯衫(MQpGBAAx)",2,660,"信用卡",25785,"2017-01-09 21:49:47"
41724,"掌上型電玩(7GBPQZss)",3,890,"信用卡",25785,"2017-01-09 21:49:47"
41730,"美容工具(eopHyQbl)",2,1398,"信用卡",29374,"2017-01-09 22:45:43"
41731,"帽子(P3BAYXhn)",1,1049,"信用卡",29374,"2017-01-09 22:45:43"
41732,"髮飾(SGxCvDbx)",1,1049,"信用卡",29374,"2017-01-09 22:45:43"
41747,"行李箱(2eHlZyy4)",1,1099,"信用卡",28265,"2017-01-09 23:48:51"
41749,"樂器(ZRVGZWU5)",2,1258,"信用卡",17235,"2017-01-10 03:42:05"
41751,"筆記型電腦(ft5kfnZ7)",2,720,"貨到付款",29377,"2017-01-10 04:47:29"
41773,"襯衫(MQpGBAAx)",2,660,"信用卡",27102,"2017-01-10 10:51:32"
41774,"清潔用品(MPtMxpQE)",1,1040,"信用卡",27102,"2017-01-10 10:51:32"
41772,"運動服飾(bHghipRZ)",2,1040,"信用卡",27102,"2017-01-10 10:51:32"
41777,"運動服飾(bHghipRZ)",1,620,"信用卡",28367,"2017-01-10 11:02:31"
41775,"電視機(TLeO4Gq7)",1,399,"信用卡",28367,"2017-01-10 11:02:31"
41776,"硬碟(shIF2v2x)",1,430,"信用卡",28367,"2017-01-10 11:02:31"
41781,"生活家電(5d8IuVjn)",1,430,"信用卡",28367,"2017-01-10 11:02:31"
41780,"生活家電(1RsVutCX)",1,380,"信用卡",28367,"2017-01-10 11:02:31"
41779,"髮飾(j7m3WL5W)",1,290,"信用卡",28367,"2017-01-10 11:02:31"
41778,"導航、行車紀錄器(468g7PVh)",1,820,"信用卡",28367,"2017-01-10 11:02:31"
41794,"相機(WhNwBnw1)",1,560,"信用卡",22520,"2017-01-10 11:59:33"
41795,"電視機(TLeO4Gq7)",1,399,"信用卡",22520,"2017-01-10 11:59:33"
41796,"清潔用品(MPtMxpQE)",2,1880,"貨到付款",27540,"2017-01-10 11:59:41"
41801,"耳機喇叭(udMIYez8)",1,410,"現金",17643,"2017-01-10 12:05:14"
41803,"清潔用品(MPtMxpQE)",1,1040,"信用卡",22537,"2017-01-10 12:09:04"
41804,"長褲(IJcT9vm5)",1,749,"貨到付款",22454,"2017-01-10 12:10:46"
41807,"帽T(JkBGsrOR)",1,640,"ATM轉帳",25191,"2017-01-10 12:14:18"
41809,"帽T(JkBGsrOR)",1,640,"信用卡",27948,"2017-01-10 12:20:10"
41810,"電視機(TLeO4Gq7)",1,399,"信用卡",27948,"2017-01-10 12:20:10"
41811,"帽子(APs9SWIa)",1,380,"信用卡",27948,"2017-01-10 12:20:10"
41808,"清潔用品(MPtMxpQE)",1,1040,"信用卡",27948,"2017-01-10 12:20:10"
41815,"長褲(IJcT9vm5)",2,1298,"信用卡",25916,"2017-01-10 12:30:39"
41816,"長褲(IJcT9vm5)",1,749,"貨到付款",26846,"2017-01-10 12:37:00"
41823,"長褲(IJcT9vm5)",1,749,"貨到付款",26480,"2017-01-10 13:04:08"
41824,"長褲(IJcT9vm5)",1,749,"貨到付款",17821,"2017-01-10 13:12:11"
41828,"帽子(APs9SWIa)",2,560,"信用卡",27320,"2017-01-10 13:35:52"
41829,"耳機喇叭(udMIYez8)",1,410,"信用卡",27320,"2017-01-10 13:35:52"
41830,"肩背包(xWb1JlSM)",1,299,"信用卡",27320,"2017-01-10 13:35:52"
41827,"清潔用品(MPtMxpQE)",1,1040,"信用卡",27320,"2017-01-10 13:35:52"
41834,"相機(WhNwBnw1)",1,560,"信用卡",26426,"2017-01-10 13:55:01"
41833,"肩背包(xWb1JlSM)",1,299,"信用卡",26426,"2017-01-10 13:55:01"
41836,"長褲(IJcT9vm5)",1,749,"信用卡",25661,"2017-01-10 14:14:18"
41841,"電視機(TLeO4Gq7)",1,399,"信用卡",18985,"2017-01-10 14:38:15"
41843,"美容工具(eopHyQbl)",4,2596,"貨到付款",17810,"2017-01-10 14:49:52"
41844,"長褲(IJcT9vm5)",1,749,"信用卡",17501,"2017-01-10 14:52:44"
41845,"居家收納(yBXiyix5)",3,1997,"信用卡",26939,"2017-01-10 14:59:58"
41849,"長褲(IJcT9vm5)",1,749,"貨到付款",17656,"2017-01-10 15:06:18"
41852,"運動服飾(bHghipRZ)",1,620,"信用卡",26476,"2017-01-10 15:19:20"
41851,"相機(WhNwBnw1)",1,560,"信用卡",26476,"2017-01-10 15:19:20"
41870,"臉部保養(dSYWYSeo)",2,598,"信用卡",25850,"2017-01-10 17:19:40"
41871,"蛋糕(dHfuSYUf)",1,1040,"信用卡",25850,"2017-01-10 17:19:40"
41877,"美容工具(eopHyQbl)",1,799,"信用卡",29387,"2017-01-10 18:10:16"
41879,"美容工具(eopHyQbl)",1,799,"信用卡",29387,"2017-01-10 18:19:03"
41882,"鍵盤滑鼠(sY3uUjdf)",2,1598,"信用卡",28270,"2017-01-10 18:39:47"
41883,"樂器(ZRVGZWU5)",4,2316,"信用卡",28270,"2017-01-10 18:39:47"
41886,"寢具(lGtnJ9R1)",1,410,"信用卡",25886,"2017-01-10 20:37:24"
41888,"眼妝(LUflapc9)",1,299,"信用卡",25886,"2017-01-10 20:37:24"
41887,"音響、喇叭(WFUeluFZ)",1,560,"信用卡",25886,"2017-01-10 20:37:24"
41912,"髮飾(SGxCvDbx)",1,1049,"信用卡",29388,"2017-01-11 09:49:17"
41916,"音響、喇叭(WFUeluFZ)",1,560,"信用卡",29378,"2017-01-11 10:10:00"
41917,"外套(oS4iCjZE)",1,640,"信用卡",29378,"2017-01-11 10:10:00"
41915,"眼妝(LUflapc9)",1,299,"信用卡",29378,"2017-01-11 10:10:00"
41930,"美容工具(yFuAS2jn)",1,820,"信用卡",27424,"2017-01-11 11:22:15"
41931,"蛋糕(dHfuSYUf)",1,1040,"信用卡",27424,"2017-01-11 11:22:15"
41932,"外套(oS4iCjZE)",1,640,"信用卡",27424,"2017-01-11 11:22:15"
41934,"寢具(qXMoq6Pn)",1,1099,"其他",25153,"2017-01-11 11:25:03"
41935,"寵物玩具(q4GY9Rqf)",1,580,"ATM轉帳",17862,"2017-01-11 11:34:41"
41936,"音響、喇叭(WFUeluFZ)",1,560,"ATM轉帳",17862,"2017-01-11 11:34:41"
41940,"帽子(Gxv4Doik)",1,420,"現金",26972,"2017-01-11 11:43:08"
41941,"帽T(LegoAMzA)",1,720,"信用卡",26730,"2017-01-11 12:11:29"
41942,"皮夾(GPUyuBX1)",1,430,"信用卡",26730,"2017-01-11 12:11:29"
41943,"寵物玩具(q4GY9Rqf)",1,580,"信用卡",26730,"2017-01-11 12:11:29"
41945,"寢具(qXMoq6Pn)",1,1099,"信用卡",27333,"2017-01-11 12:17:07"
41946,"寢具(qXMoq6Pn)",1,1099,"信用卡",29395,"2017-01-11 12:17:58"
41949,"寢具(qXMoq6Pn)",1,1099,"信用卡",26107,"2017-01-11 12:18:44"
41950,"寢具(qXMoq6Pn)",1,1099,"貨到付款",17696,"2017-01-11 12:28:07"
41951,"長褲(IJcT9vm5)",1,749,"信用卡",26296,"2017-01-11 12:36:20"
41953,"寢具(qXMoq6Pn)",1,1099,"ATM轉帳",29397,"2017-01-11 12:39:54"
41954,"寢具(qXMoq6Pn)",1,1099,"信用卡",18999,"2017-01-11 12:43:35"
41955,"寢具(qXMoq6Pn)",1,1099,"貨到付款",28114,"2017-01-11 12:43:59"
41956,"寢具(qXMoq6Pn)",1,1099,"ATM轉帳",18929,"2017-01-11 12:53:28"
41957,"寢具(qXMoq6Pn)",1,1099,"信用卡",26476,"2017-01-11 12:55:58"
41975,"寢具(qXMoq6Pn)",2,1998,"信用卡",17596,"2017-01-11 14:47:56"
41977,"美容工具(yFuAS2jn)",1,820,"信用卡",29403,"2017-01-11 14:56:36"
41978,"寵物玩具(q4GY9Rqf)",1,580,"信用卡",29403,"2017-01-11 14:56:36"
41979,"帽T(LegoAMzA)",1,720,"信用卡",29403,"2017-01-11 14:56:36"
41986,"寢具(qXMoq6Pn)",1,1099,"ATM轉帳",27107,"2017-01-11 15:30:39"
41996,"寢具(qXMoq6Pn)",1,1099,"信用卡",26832,"2017-01-11 16:32:41"
42001,"寢具(qXMoq6Pn)",1,1099,"信用卡",29380,"2017-01-11 16:40:46"
42015,"帽子(P3BAYXhn)",1,1049,"信用卡",29408,"2017-01-11 20:53:07"
42016,"髮飾(SGxCvDbx)",1,1049,"信用卡",24971,"2017-01-11 21:14:55"
42017,"髮飾(SGxCvDbx)",1,1049,"ATM轉帳",29406,"2017-01-11 21:20:57"
42019,"髮飾(SGxCvDbx)",1,1049,"信用卡",25096,"2017-01-11 21:32:04"
42022,"戒指(dWo1VQxJ)",1,640,"信用卡",27289,"2017-01-11 21:58:32"
42023,"髮飾(SGxCvDbx)",1,1049,"信用卡",19985,"2017-01-11 22:09:36"
42026,"髮飾(SGxCvDbx)",1,1049,"貨到付款",18804,"2017-01-11 22:23:49"
42029,"髮飾(SGxCvDbx)",1,1049,"信用卡",28129,"2017-01-11 22:46:50"
42030,"襪子(KXvkd9Fa)",1,999,"信用卡",29411,"2017-01-11 22:47:35"
42037,"寢具(qXMoq6Pn)",1,1099,"信用卡",25702,"2017-01-11 23:18:54"
42042,"美容工具(eopHyQbl)",1,799,"信用卡",25258,"2017-01-11 23:19:56"
42038,"行李箱(2eHlZyy4)",1,1099,"信用卡",25258,"2017-01-11 23:19:56"
42039,"髮飾(SGxCvDbx)",1,1049,"信用卡",25258,"2017-01-11 23:19:56"
42040,"長褲(IJcT9vm5)",1,749,"信用卡",25258,"2017-01-11 23:19:56"
42041,"寢具(qXMoq6Pn)",1,1099,"信用卡",25258,"2017-01-11 23:19:56"
42047,"寢具(qXMoq6Pn)",1,1099,"信用卡",29413,"2017-01-12 00:07:21"
42051,"寢具(qXMoq6Pn)",1,1099,"信用卡",27947,"2017-01-12 01:10:00"
42052,"髮飾(SGxCvDbx)",1,1049,"信用卡",26938,"2017-01-12 03:32:10"
42053,"長褲(IJcT9vm5)",1,749,"信用卡",26938,"2017-01-12 03:32:10"
42057,"髮飾(SGxCvDbx)",1,1049,"信用卡",25527,"2017-01-12 08:48:28"
42066,"行李箱(2eHlZyy4)",1,1099,"信用卡",18860,"2017-01-12 09:05:38"
42065,"髮飾(SGxCvDbx)",1,1049,"信用卡",18860,"2017-01-12 09:05:38"
42077,"髮飾(SGxCvDbx)",1,1049,"貨到付款",25812,"2017-01-12 10:17:52"
42078,"髮飾(SGxCvDbx)",1,1049,"貨到付款",26147,"2017-01-12 10:19:17"
42080,"髮飾(SGxCvDbx)",1,1049,"貨到付款",26129,"2017-01-12 10:27:56"
42082,"髮飾(SGxCvDbx)",1,1049,"貨到付款",17562,"2017-01-12 10:39:23"
42093,"行李箱(2eHlZyy4)",1,1099,"貨到付款",26377,"2017-01-12 12:12:19"
42094,"髮飾(SGxCvDbx)",2,1898,"貨到付款",22370,"2017-01-12 12:30:13"
42097,"鍵盤滑鼠(QjKhdEbw)",3,980,"信用卡",25226,"2017-01-12 12:40:27"
42098,"襪子(uT1apj3M)",1,580,"信用卡",25226,"2017-01-12 12:40:27"
42099,"美妝保健(WuSGjexf)",1,560,"信用卡",25226,"2017-01-12 12:40:27"
42096,"CD&DVD(WKuWmKp3)",2,398,"信用卡",25226,"2017-01-12 12:40:27"
42095,"髮飾(uq5DUIal)",1,399,"信用卡",25226,"2017-01-12 12:40:27"
42101,"行李箱(2eHlZyy4)",1,1099,"貨到付款",27805,"2017-01-12 12:46:05"
42103,"行李箱(2eHlZyy4)",1,1099,"信用卡",18820,"2017-01-12 12:50:01"
42105,"髮飾(SGxCvDbx)",1,1049,"貨到付款",29417,"2017-01-12 13:25:59"
42106,"行李箱(2eHlZyy4)",3,2897,"信用卡",25602,"2017-01-12 13:29:11"
42107,"樂器(ZRVGZWU5)",1,729,"信用卡",25602,"2017-01-12 13:29:11"
42112,"髮飾(SGxCvDbx)",1,1049,"貨到付款",27649,"2017-01-12 13:52:21"
42113,"寢具(qXMoq6Pn)",1,1099,"信用卡",28145,"2017-01-12 13:54:01"
42114,"長褲(Q6Q1CybC)",1,420,"信用卡",26299,"2017-01-12 14:09:15"
42115,"美妝保健(WuSGjexf)",1,560,"信用卡",26299,"2017-01-12 14:09:15"
42135,"長褲(IJcT9vm5)",1,749,"ATM轉帳",17177,"2017-01-12 20:51:27"
42136,"樂器(ZRVGZWU5)",1,729,"信用卡",25785,"2017-01-12 21:01:51"
42138,"素食(5CtkT6U2)",2,1598,"信用卡",29423,"2017-01-12 21:10:51"
42137,"美容工具(eopHyQbl)",1,799,"信用卡",29423,"2017-01-12 21:10:51"
42139,"長褲(IJcT9vm5)",2,1298,"信用卡",27896,"2017-01-12 21:21:11"
42144,"電視機(t0dLbeU3)",2,800,"現金",26102,"2017-01-12 22:09:23"
42147,"行李箱(2eHlZyy4)",1,1099,"信用卡",19985,"2017-01-12 22:38:20"
42146,"長褲(IJcT9vm5)",1,749,"信用卡",19985,"2017-01-12 22:38:20"
42148,"美容工具(eopHyQbl)",1,799,"ATM轉帳",29425,"2017-01-12 23:11:47"
42151,"長褲(IJcT9vm5)",1,749,"ATM轉帳",26859,"2017-01-12 23:36:14"
42152,"美容工具(eopHyQbl)",4,2596,"信用卡",27634,"2017-01-13 00:35:24"
42153,"樂器(ZRVGZWU5)",1,729,"信用卡",27634,"2017-01-13 00:38:18"
42160,"電視機(t0dLbeU3)",1,500,"信用卡",25652,"2017-01-13 09:18:18"
42159,"相機(TpjXrgiS)",1,530,"信用卡",25652,"2017-01-13 09:18:18"
42168,"髮飾(SGxCvDbx)",2,1898,"貨到付款",17507,"2017-01-13 09:55:14"
42169,"耳機喇叭(9Umoeq9x)",3,1787,"貨到付款",28269,"2017-01-13 10:19:42"
42170,"長褲(IJcT9vm5)",1,749,"貨到付款",17791,"2017-01-13 10:35:12"
42174,"電視機(t0dLbeU3)",1,500,"信用卡",29421,"2017-01-13 10:48:53"
42173,"T恤(NtBY1xOL)",1,350,"信用卡",29421,"2017-01-13 10:48:53"
42175,"T恤(NtBY1xOL)",1,350,"信用卡",19985,"2017-01-13 10:54:27"
42176,"汽車百貨(D0rOI13Q)",1,430,"信用卡",19985,"2017-01-13 10:54:27"
42178,"相機(TpjXrgiS)",1,530,"信用卡",19985,"2017-01-13 10:54:27"
42177,"鍵盤滑鼠(AFvZWVTJ)",1,530,"信用卡",19985,"2017-01-13 10:54:27"
42183,"耳環(eQbMiO2u)",1,720,"信用卡",27318,"2017-01-13 10:57:35"
42184,"樂器(GoyV9XjS)",1,690,"信用卡",27318,"2017-01-13 10:57:35"
42186,"鍵盤滑鼠(vwz6nuUz)",1,560,"信用卡",27318,"2017-01-13 10:57:35"
42185,"T恤(NtBY1xOL)",1,350,"信用卡",27318,"2017-01-13 10:57:35"
42192,"樂器(GoyV9XjS)",1,690,"信用卡",27951,"2017-01-13 11:02:56"
42195,"臉部保養(j0lfBG6G)",1,349,"信用卡",27951,"2017-01-13 11:02:56"
42194,"CD&DVD(yttGr7qT)",2,660,"信用卡",27951,"2017-01-13 11:02:56"
42193,"T恤(NtBY1xOL)",1,350,"信用卡",27951,"2017-01-13 11:02:56"
42191,"電視機(t0dLbeU3)",1,500,"信用卡",27951,"2017-01-13 11:02:56"
42199,"鍵盤滑鼠(vwz6nuUz)",1,560,"貨到付款",22370,"2017-01-13 11:04:49"
42196,"手環(zbZSyXT4)",1,530,"貨到付款",22370,"2017-01-13 11:04:49"
42197,"臉部保養(j0lfBG6G)",1,349,"貨到付款",22370,"2017-01-13 11:04:49"
42198,"樂器(GoyV9XjS)",1,690,"貨到付款",22370,"2017-01-13 11:04:49"
42200,"襯衫(OyfYw0t8)",2,720,"貨到付款",22370,"2017-01-13 11:04:49"
42201,"清潔用品(27WUhDUl)",2,640,"信用卡",22520,"2017-01-13 11:06:44"
42202,"美髮護理(rsROGujj)",1,349,"信用卡",22520,"2017-01-13 11:06:44"
42203,"相機(TpjXrgiS)",1,530,"信用卡",24998,"2017-01-13 11:07:22"
42205,"清潔用品(27WUhDUl)",1,420,"信用卡",24998,"2017-01-13 11:07:22"
42204,"襯衫(OyfYw0t8)",1,460,"信用卡",24998,"2017-01-13 11:07:22"
42208,"鍵盤滑鼠(AFvZWVTJ)",1,530,"信用卡",26747,"2017-01-13 11:08:20"
42207,"相機(TpjXrgiS)",1,530,"信用卡",26747,"2017-01-13 11:08:20"
42206,"電視機(t0dLbeU3)",1,500,"信用卡",26747,"2017-01-13 11:08:20"
42210,"電視機(t0dLbeU3)",1,500,"現金",29431,"2017-01-13 11:09:10"
42211,"電視機(t0dLbeU3)",2,800,"貨到付款",26864,"2017-01-13 11:09:53"
42212,"樂器(GoyV9XjS)",1,690,"貨到付款",26864,"2017-01-13 11:09:53"
42214,"清潔用品(27WUhDUl)",1,420,"現金",17770,"2017-01-13 11:13:19"
42213,"電視機(t0dLbeU3)",1,500,"現金",17770,"2017-01-13 11:13:19"
42216,"電視機(t0dLbeU3)",1,500,"信用卡",22434,"2017-01-13 11:13:56"
42217,"手環(zbZSyXT4)",1,530,"信用卡",22434,"2017-01-13 11:13:56"
42220,"T恤(NtBY1xOL)",1,350,"信用卡",17949,"2017-01-13 11:14:45"
42219,"鍵盤滑鼠(AFvZWVTJ)",3,1190,"信用卡",17949,"2017-01-13 11:14:45"
42221,"樂器(GoyV9XjS)",1,690,"信用卡",17949,"2017-01-13 11:14:45"
42225,"素食(5CtkT6U2)",1,899,"信用卡",29432,"2017-01-13 11:34:49"
42226,"髮飾(SGxCvDbx)",1,1049,"信用卡",29432,"2017-01-13 11:34:49"
42228,"電視機(t0dLbeU3)",2,800,"信用卡",22422,"2017-01-13 11:42:21"
42227,"T恤(NtBY1xOL)",1,350,"信用卡",22422,"2017-01-13 11:42:21"
42231,"美髮護理(rsROGujj)",1,349,"ATM轉帳",29406,"2017-01-13 11:52:35"
42230,"清潔用品(27WUhDUl)",1,420,"ATM轉帳",29406,"2017-01-13 11:52:35"
42233,"相機(TpjXrgiS)",1,530,"現金",17643,"2017-01-13 12:03:11"
42235,"美髮護理(rsROGujj)",1,349,"信用卡",25709,"2017-01-13 12:07:47"
42236,"CD&DVD(yttGr7qT)",1,430,"信用卡",25709,"2017-01-13 12:07:47"
42234,"耳環(eQbMiO2u)",1,720,"信用卡",25709,"2017-01-13 12:07:47"
42238,"美髮護理(rsROGujj)",1,349,"現金",27446,"2017-01-13 12:13:49"
42237,"電視機(t0dLbeU3)",1,500,"現金",27446,"2017-01-13 12:13:49"
42255,"美容工具(eopHyQbl)",1,799,"信用卡",28139,"2017-01-13 12:33:18"
42257,"男鞋(xQMRouXv)",1,899,"貨到付款",26628,"2017-01-13 12:33:52"
42258,"T恤(NtBY1xOL)",1,350,"現金",27385,"2017-01-13 12:38:17"
42260,"男鞋(xQMRouXv)",2,1598,"ATM轉帳",22417,"2017-01-13 12:41:43"
42265,"男鞋(xQMRouXv)",1,899,"信用卡",27113,"2017-01-13 13:02:12"
42270,"男鞋(xQMRouXv)",1,899,"信用卡",28362,"2017-01-13 13:18:22"
42277,"耳機喇叭(9Umoeq9x)",6,3374,"信用卡",27704,"2017-01-13 14:03:29"
42279,"男鞋(xQMRouXv)",2,1598,"ATM轉帳",17177,"2017-01-13 14:17:38"
42292,"髮飾(SGxCvDbx)",1,1049,"信用卡",28250,"2017-01-13 15:26:04"
42298,"男鞋(xQMRouXv)",1,899,"ATM轉帳",17940,"2017-01-13 16:04:59"
42301,"男鞋(xQMRouXv)",1,899,"ATM轉帳",27070,"2017-01-13 16:16:08"
42302,"行李箱(2eHlZyy4)",1,1099,"ATM轉帳",17940,"2017-01-13 16:27:01"
42303,"男鞋(xQMRouXv)",1,899,"ATM轉帳",26859,"2017-01-13 16:37:48"
42305,"男鞋(xQMRouXv)",1,899,"ATM轉帳",26839,"2017-01-13 17:17:39"
42309,"帽子(P3BAYXhn)",1,1049,"信用卡",25542,"2017-01-13 18:06:12"
42311,"耳機喇叭(9Umoeq9x)",1,729,"信用卡",30672,"2017-01-13 18:27:40"
42313,"髮飾(SGxCvDbx)",4,3596,"信用卡",25602,"2017-01-13 20:00:07"
42314,"耳機喇叭(9Umoeq9x)",1,729,"信用卡",25602,"2017-01-13 20:00:07"
42317,"帽子(P3BAYXhn)",1,1049,"信用卡",27574,"2017-01-13 20:28:12"
42322,"美容工具(eopHyQbl)",2,1398,"信用卡",29438,"2017-01-13 20:56:38"
42321,"髮飾(SGxCvDbx)",2,1898,"信用卡",29438,"2017-01-13 20:56:38"
42324,"美容工具(eopHyQbl)",1,799,"信用卡",29441,"2017-01-13 22:02:02"
42325,"男鞋(xQMRouXv)",1,899,"貨到付款",29442,"2017-01-13 22:02:38"
42328,"男鞋(xQMRouXv)",1,899,"信用卡",24895,"2017-01-13 22:33:39"
42338,"男鞋(xQMRouXv)",1,899,"信用卡",27816,"2017-01-14 00:50:10"
42339,"長褲(IJcT9vm5)",1,749,"信用卡",27816,"2017-01-14 00:53:17"
42355,"男鞋(xQMRouXv)",1,899,"信用卡",29443,"2017-01-14 11:14:30"
42357,"行李箱(2eHlZyy4)",1,1099,"信用卡",27797,"2017-01-14 12:04:35"
42359,"素食(5CtkT6U2)",1,899,"信用卡",26714,"2017-01-14 12:33:22"
42362,"耳機喇叭(9Umoeq9x)",4,2316,"貨到付款",17810,"2017-01-14 12:52:54"
42363,"美容工具(eopHyQbl)",1,799,"信用卡",29447,"2017-01-14 13:22:44"
42364,"美容工具(eopHyQbl)",1,799,"信用卡",29446,"2017-01-14 13:27:25"
42365,"樂器(nstN5GTp)",2,1100,"ATM轉帳",22370,"2017-01-14 13:37:37"
42366,"樂器(nstN5GTp)",1,650,"信用卡",17151,"2017-01-14 13:41:15"
42367,"長褲(IJcT9vm5)",1,749,"信用卡",17622,"2017-01-14 13:42:00"
42409,"美容工具(eopHyQbl)",2,1398,"ATM轉帳",29450,"2017-01-14 16:37:18"
42438,"素食(5CtkT6U2)",3,2297,"ATM轉帳",29452,"2017-01-14 18:21:56"
42452,"男鞋(xQMRouXv)",1,899,"信用卡",28325,"2017-01-14 18:51:05"
42454,"美容工具(eopHyQbl)",1,799,"信用卡",29453,"2017-01-14 19:34:09"
42453,"男鞋(xQMRouXv)",1,899,"信用卡",29453,"2017-01-14 19:34:09"
42461,"男鞋(xQMRouXv)",2,1598,"信用卡",26327,"2017-01-14 21:25:46"
42479,"素食(5CtkT6U2)",1,899,"ATM轉帳",29460,"2017-01-15 15:46:14"
42480,"男鞋(xQMRouXv)",2,1598,"ATM轉帳",29460,"2017-01-15 15:46:14"
42517,"男鞋(xQMRouXv)",2,1598,"信用卡",28243,"2017-01-16 10:07:26"
42520,"髮飾(SGxCvDbx)",1,1049,"ATM轉帳",27107,"2017-01-16 10:43:09"
42521,"男鞋(xQMRouXv)",1,899,"ATM轉帳",27107,"2017-01-16 10:43:09"
42532,"素食(5CtkT6U2)",1,899,"信用卡",23616,"2017-01-16 10:59:21"
42539,"寵物零食(FNlyLO72)",1,580,"信用卡",17676,"2017-01-16 11:40:13"
42540,"肩背包(p04IFeIP)",1,950,"信用卡",17676,"2017-01-16 11:40:13"
42541,"臉部保養(ND5AvyVJ)",1,820,"信用卡",17676,"2017-01-16 11:40:13"
42542,"外套(LOShpTEo)",1,410,"信用卡",17676,"2017-01-16 11:40:13"
42544,"臉部保養(ND5AvyVJ)",1,820,"貨到付款",22454,"2017-01-16 11:43:13"
42543,"靴子(F6I7zXsm)",1,320,"貨到付款",22454,"2017-01-16 11:43:13"
42545,"洋裝(fTAHXM1g)",1,349,"貨到付款",22454,"2017-01-16 11:43:13"
42546,"洋裝(fTAHXM1g)",1,349,"貨到付款",25999,"2017-01-16 11:46:51"
42547,"硬碟(kdCjNJCN)",2,398,"貨到付款",25999,"2017-01-16 11:46:51"
42549,"耳機喇叭(wZpxzWOZ)",1,620,"貨到付款",25999,"2017-01-16 11:46:51"
42548,"外套(LOShpTEo)",1,410,"貨到付款",25999,"2017-01-16 11:46:51"
42555,"硬碟(kdCjNJCN)",1,299,"現金",17643,"2017-01-16 11:53:41"
42557,"硬碟(kdCjNJCN)",1,299,"信用卡",25511,"2017-01-16 11:58:27"
42560,"腳踏車、自行車(tobkj2lP)",1,640,"信用卡",25511,"2017-01-16 11:58:27"
42559,"手錶(Fl5NUMnx)",1,279,"信用卡",25511,"2017-01-16 11:58:27"
42558,"長褲(okRU2flm)",1,350,"信用卡",25511,"2017-01-16 11:58:27"
42563,"長褲(okRU2flm)",1,350,"信用卡",29467,"2017-01-16 12:01:13"
42561,"手錶(Fl5NUMnx)",1,279,"信用卡",29467,"2017-01-16 12:01:13"
42562,"寵物零食(FNlyLO72)",1,580,"信用卡",29467,"2017-01-16 12:01:13"
42565,"肩背包(p04IFeIP)",1,950,"現金",22434,"2017-01-16 12:16:39"
42567,"腳踏車、自行車(tobkj2lP)",1,640,"現金",22434,"2017-01-16 12:18:41"
42569,"行李箱(2eHlZyy4)",1,1099,"信用卡",17583,"2017-01-16 12:28:08"
42570,"CD&DVD(n3jnFxS0)",1,899,"信用卡",17583,"2017-01-16 12:37:22"
42575,"腳踏車、自行車(tobkj2lP)",1,640,"信用卡",27698,"2017-01-16 12:49:43"
42574,"耳機喇叭(wZpxzWOZ)",1,620,"信用卡",27698,"2017-01-16 12:49:43"
42576,"帽子(SGVHtyj2)",1,460,"信用卡",27698,"2017-01-16 12:49:43"
42577,"肩背包(p04IFeIP)",1,950,"信用卡",27470,"2017-01-16 12:53:15"
42579,"背心(RUoyUnTf)",1,799,"信用卡",25415,"2017-01-16 13:10:58"
42581,"掌上型電玩(REevGD4V)",1,1199,"信用卡",18814,"2017-01-16 13:13:24"
42582,"背心(RUoyUnTf)",1,799,"信用卡",27214,"2017-01-16 13:13:51"
42583,"掌上型電玩(REevGD4V)",1,1199,"信用卡",17215,"2017-01-16 13:14:41"
42587,"耳機喇叭(wZpxzWOZ)",1,620,"信用卡",29468,"2017-01-16 13:18:52"
42588,"帽子(SGVHtyj2)",2,720,"信用卡",29468,"2017-01-16 13:18:52"
42589,"掌上型電玩(REevGD4V)",1,1199,"信用卡",25584,"2017-01-16 13:18:59"
42591,"掌上型電玩(REevGD4V)",1,1199,"ATM轉帳",27908,"2017-01-16 13:23:00"
42592,"背心(RUoyUnTf)",1,799,"信用卡",29469,"2017-01-16 13:25:08"
42593,"背心(RUoyUnTf)",1,799,"信用卡",29470,"2017-01-16 13:30:26"
42594,"背心(RUoyUnTf)",1,799,"信用卡",17409,"2017-01-16 13:32:59"
42596,"掌上型電玩(REevGD4V)",1,1199,"ATM轉帳",17940,"2017-01-16 13:42:51"
42597,"背心(RUoyUnTf)",1,799,"ATM轉帳",17940,"2017-01-16 13:42:51"
42600,"CD&DVD(n3jnFxS0)",3,2297,"ATM轉帳",22370,"2017-01-16 13:55:22"
42602,"行李箱(2eHlZyy4)",3,2897,"ATM轉帳",29429,"2017-01-16 13:57:28"
42605,"長褲(IJcT9vm5)",1,749,"信用卡",17395,"2017-01-16 14:08:58"
42604,"掌上型電玩(REevGD4V)",1,1199,"信用卡",17395,"2017-01-16 14:08:58"
42607,"掌上型電玩(REevGD4V)",1,1199,"信用卡",17395,"2017-01-16 14:11:55"
42609,"零食(M4rJByug)",1,430,"貨到付款",25812,"2017-01-16 14:12:40"
42610,"耳機喇叭(wZpxzWOZ)",1,620,"貨到付款",25812,"2017-01-16 14:12:40"
42608,"外套(jwFvtfOG)",1,480,"貨到付款",25812,"2017-01-16 14:12:40"
42611,"寵物零食(FNlyLO72)",1,580,"信用卡",17395,"2017-01-16 14:13:58"
42612,"腳踏車、自行車(tobkj2lP)",1,640,"信用卡",17395,"2017-01-16 14:13:58"
42621,"眼妝(NIkehrSD)",1,799,"ATM轉帳",24731,"2017-01-16 15:11:52"
42622,"眼妝(NIkehrSD)",1,799,"信用卡",24687,"2017-01-16 15:12:06"
42623,"運動服飾(InwuufYk)",1,1399,"信用卡",25878,"2017-01-16 15:13:07"
42624,"運動服飾(InwuufYk)",1,1399,"ATM轉帳",25217,"2017-01-16 15:14:20"
42625,"電腦零組件(GKxOHX2x)",1,1499,"信用卡",17395,"2017-01-16 15:15:47"
42626,"蛋糕(MBbbyYXJ)",1,1299,"信用卡",26426,"2017-01-16 15:16:10"
42627,"眼妝(NIkehrSD)",1,799,"ATM轉帳",29472,"2017-01-16 15:17:02"
42628,"眼妝(NIkehrSD)",1,799,"信用卡",17158,"2017-01-16 15:17:09"
42629,"眼妝(NIkehrSD)",1,799,"信用卡",25941,"2017-01-16 15:18:16"
42630,"運動服飾(InwuufYk)",1,1399,"信用卡",17350,"2017-01-16 15:19:26"
42631,"機車百貨(PPjsNb5a)",1,1099,"信用卡",18814,"2017-01-16 15:19:43"
42632,"機車百貨(PPjsNb5a)",1,1099,"信用卡",27907,"2017-01-16 15:21:57"
42633,"眼妝(NIkehrSD)",1,799,"信用卡",26567,"2017-01-16 15:23:04"
42634,"蛋糕(MBbbyYXJ)",1,1299,"信用卡",26798,"2017-01-16 15:23:32"
42635,"運動服飾(InwuufYk)",1,1399,"信用卡",18678,"2017-01-16 15:26:01"
42636,"蛋糕(MBbbyYXJ)",1,1299,"ATM轉帳",25608,"2017-01-16 15:26:34"
42641,"運動服飾(InwuufYk)",1,1399,"信用卡",26198,"2017-01-16 15:30:21"
42648,"手錶(Fl5NUMnx)",1,279,"信用卡",25150,"2017-01-16 15:31:23"
42646,"肩背包(p04IFeIP)",1,950,"信用卡",25150,"2017-01-16 15:31:23"
42647,"靴子(F6I7zXsm)",1,320,"信用卡",25150,"2017-01-16 15:31:23"
42651,"電腦零組件(GKxOHX2x)",1,1499,"ATM轉帳",17890,"2017-01-16 15:40:08"
42653,"眼妝(NIkehrSD)",1,799,"信用卡",26567,"2017-01-16 15:43:48"
42654,"運動服飾(InwuufYk)",2,2598,"信用卡",26814,"2017-01-16 15:47:18"
42656,"蛋糕(s5A1JMsk)",1,820,"信用卡",25602,"2017-01-16 15:50:37"
42655,"公仔、模型(WROCN5Xh)",1,620,"信用卡",25602,"2017-01-16 15:50:37"
42657,"硬碟(lN00y9ZF)",1,320,"信用卡",25602,"2017-01-16 15:50:37"
42660,"掌上型電玩(REevGD4V)",1,1199,"信用卡",25602,"2017-01-16 15:55:57"
42659,"背心(RUoyUnTf)",1,799,"信用卡",25602,"2017-01-16 15:55:57"
42661,"掌上型電玩(REevGD4V)",2,2198,"信用卡",27102,"2017-01-16 15:57:35"
42663,"手錶(Fl5NUMnx)",1,279,"信用卡",26713,"2017-01-16 15:59:02"
42662,"靴子(F6I7zXsm)",1,320,"信用卡",26713,"2017-01-16 15:59:02"
42665,"掌上型電玩(REevGD4V)",1,1199,"信用卡",17418,"2017-01-16 16:00:38"
42666,"電腦零組件(GKxOHX2x)",1,1499,"信用卡",17853,"2017-01-16 16:08:15"
42667,"CD&DVD(n3jnFxS0)",1,899,"貨到付款",29474,"2017-01-16 16:13:57"
42692,"傢俱(dS8NRbmZ)",1,430,"信用卡",29480,"2017-01-16 18:08:53"
42693,"襪子(lZVpCIF0)",1,279,"信用卡",29480,"2017-01-16 18:08:53"
42696,"男鞋(xQMRouXv)",1,899,"信用卡",27948,"2017-01-16 18:46:29"
42699,"電視機(PMMV2cTt)",1,430,"信用卡",27615,"2017-01-16 19:59:26"
42700,"臉部保養(dNie2xyI)",1,580,"信用卡",27615,"2017-01-16 19:59:26"
42716,"素食(5CtkT6U2)",1,899,"信用卡",25695,"2017-01-16 23:51:21"
42722,"背心(RUoyUnTf)",1,799,"信用卡",24798,"2017-01-17 07:48:43"
42726,"臉部保養(dNie2xyI)",1,580,"信用卡",25602,"2017-01-17 09:22:24"
42729,"蛋糕(s5A1JMsk)",1,820,"信用卡",25602,"2017-01-17 09:22:24"
42728,"電玩遊戲(BBiFncv5)",1,410,"信用卡",25602,"2017-01-17 09:22:24"
42727,"男鞋(WwPnNuvQ)",1,640,"信用卡",25602,"2017-01-17 09:22:24"
42731,"背心(RUoyUnTf)",1,799,"貨到付款",26670,"2017-01-17 09:38:42"
42745,"髮飾(SGxCvDbx)",1,1049,"信用卡",26296,"2017-01-17 10:52:33"
42784,"臉部保養(dNie2xyI)",1,580,"信用卡",25652,"2017-01-17 11:28:35"
42783,"機車百貨(Q0BiPpuv)",1,320,"信用卡",25652,"2017-01-17 11:28:35"
42782,"背心(5lHQ3fbs)",1,350,"信用卡",25652,"2017-01-17 11:28:35"
42789,"耳機喇叭(o0uoGd0u)",1,410,"信用卡",27129,"2017-01-17 11:31:42"
42790,"臉部保養(dNie2xyI)",1,580,"信用卡",27129,"2017-01-17 11:31:42"
42791,"襪子(lZVpCIF0)",1,279,"現金",17158,"2017-01-17 11:32:30"
42792,"零食(m34SudLc)",1,380,"現金",17158,"2017-01-17 11:32:30"
42794,"背心(RUoyUnTf)",1,799,"貨到付款",26826,"2017-01-17 11:35:42"
42795,"臉部保養(dNie2xyI)",1,580,"信用卡",27980,"2017-01-17 11:41:20"
42801,"傢俱(dS8NRbmZ)",1,430,"信用卡",27980,"2017-01-17 11:41:20"
42799,"零食(m34SudLc)",1,380,"信用卡",27980,"2017-01-17 11:41:20"
42797,"襪子(lZVpCIF0)",1,279,"信用卡",27980,"2017-01-17 11:41:20"
42800,"靴子(9yeZ7nXX)",2,660,"信用卡",27980,"2017-01-17 11:41:20"
42798,"機車百貨(Q0BiPpuv)",1,320,"信用卡",27980,"2017-01-17 11:41:20"
42796,"寵物玩具(ZBfF1wWa)",1,299,"信用卡",27980,"2017-01-17 11:41:20"
42802,"寵物玩具(ZBfF1wWa)",1,299,"ATM轉帳",29406,"2017-01-17 11:43:26"
42803,"臉部保養(dNie2xyI)",1,580,"ATM轉帳",29406,"2017-01-17 11:43:26"
42804,"寵物玩具(ZBfF1wWa)",1,299,"信用卡",25951,"2017-01-17 11:44:00"
42809,"機車百貨(Q0BiPpuv)",1,320,"信用卡",25951,"2017-01-17 11:44:00"
42808,"硬碟(lN00y9ZF)",1,320,"信用卡",25951,"2017-01-17 11:44:00"
42805,"零食(m34SudLc)",1,380,"信用卡",25951,"2017-01-17 11:44:00"
42807,"背心(5lHQ3fbs)",1,350,"信用卡",25951,"2017-01-17 11:44:00"
42806,"生活家電(IT73Y6m9)",1,520,"信用卡",25951,"2017-01-17 11:44:00"
42810,"生活家電(IT73Y6m9)",1,520,"現金",17770,"2017-01-17 11:44:34"
42811,"行李箱(2eHlZyy4)",1,1099,"信用卡",28250,"2017-01-17 11:46:11"
42812,"公仔、模型(WROCN5Xh)",1,620,"信用卡",17369,"2017-01-17 11:47:44"
42813,"生活家電(IT73Y6m9)",1,520,"信用卡",17789,"2017-01-17 11:48:43"
42815,"零食(m34SudLc)",1,380,"信用卡",17789,"2017-01-17 11:48:43"
42814,"寵物玩具(ZBfF1wWa)",1,299,"信用卡",17789,"2017-01-17 11:48:43"
42821,"公仔、模型(WROCN5Xh)",1,620,"ATM轉帳",22607,"2017-01-17 12:03:13"
42823,"汽車百貨(qJ1SoHuI)",1,530,"ATM轉帳",22607,"2017-01-17 12:03:13"
42822,"戒指(hWUyziEz)",1,480,"ATM轉帳",22607,"2017-01-17 12:03:13"
42824,"耳機喇叭(o0uoGd0u)",3,830,"ATM轉帳",22607,"2017-01-17 12:03:13"
42825,"寵物玩具(ZBfF1wWa)",1,299,"現金",22576,"2017-01-17 12:06:21"
42827,"生活家電(IT73Y6m9)",1,520,"現金",22576,"2017-01-17 12:06:21"
42826,"背心(5lHQ3fbs)",1,350,"現金",22576,"2017-01-17 12:06:21"
42829,"背心(5lHQ3fbs)",1,350,"信用卡",18891,"2017-01-17 12:07:30"
42830,"零食(m34SudLc)",1,380,"信用卡",18891,"2017-01-17 12:07:30"
42832,"耳機喇叭(o0uoGd0u)",1,410,"信用卡",18891,"2017-01-17 12:07:30"
42828,"臉部保養(dNie2xyI)",2,960,"信用卡",18891,"2017-01-17 12:07:30"
42831,"美容工具(MV5AjWbV)",1,460,"信用卡",18891,"2017-01-17 12:07:30"
42838,"美容工具(eopHyQbl)",1,799,"信用卡",25785,"2017-01-17 12:15:53"
42839,"美容工具(eopHyQbl)",1,799,"信用卡",25785,"2017-01-17 12:17:18"
42865,"美容工具(eopHyQbl)",2,1398,"信用卡",25785,"2017-01-17 12:19:00"
42867,"美容工具(MV5AjWbV)",2,720,"信用卡",27816,"2017-01-17 12:21:13"
42872,"背心(RUoyUnTf)",2,1398,"信用卡",26278,"2017-01-17 12:31:23"
42873,"蛋糕(s5A1JMsk)",1,820,"信用卡",17369,"2017-01-17 12:32:31"
42874,"電玩遊戲(BBiFncv5)",1,410,"信用卡",17369,"2017-01-17 12:32:31"
42875,"臉部保養(dNie2xyI)",1,580,"信用卡",17369,"2017-01-17 12:32:31"
42876,"背心(5lHQ3fbs)",1,350,"現金",27654,"2017-01-17 12:41:04"
42878,"耳機喇叭(o0uoGd0u)",1,410,"現金",27654,"2017-01-17 12:47:42"
42889,"CD&DVD(n3jnFxS0)",1,899,"貨到付款",25309,"2017-01-17 13:23:15"
42890,"CD&DVD(n3jnFxS0)",1,899,"信用卡",29493,"2017-01-17 13:27:15"
42891,"CD&DVD(n3jnFxS0)",1,899,"貨到付款",26126,"2017-01-17 13:34:01"
42900,"CD&DVD(n3jnFxS0)",1,899,"貨到付款",26480,"2017-01-17 13:55:09"
42905,"零食(m34SudLc)",1,380,"信用卡",27517,"2017-01-17 13:57:18"
42909,"CD&DVD(n3jnFxS0)",2,1598,"信用卡",24895,"2017-01-17 14:15:50"
42913,"美容工具(MV5AjWbV)",2,720,"貨到付款",25309,"2017-01-17 14:18:37"
42914,"臉部保養(dNie2xyI)",1,580,"貨到付款",25309,"2017-01-17 14:18:37"
42917,"傢俱(dS8NRbmZ)",2,660,"貨到付款",25309,"2017-01-17 14:18:37"
42915,"襪子(lZVpCIF0)",1,279,"貨到付款",25309,"2017-01-17 14:18:37"
42916,"寵物玩具(ZBfF1wWa)",2,398,"貨到付款",25309,"2017-01-17 14:18:37"
42920,"背心(5lHQ3fbs)",1,350,"信用卡",29497,"2017-01-17 14:25:36"
42919,"臉部保養(dNie2xyI)",2,960,"信用卡",29497,"2017-01-17 14:25:36"
42957,"水壺、杯子(9XisaXM8)",2,1398,"信用卡",17676,"2017-01-17 15:59:44"
42960,"腳踏車、自行車(75PWtiyS)",2,2598,"信用卡",27608,"2017-01-17 16:00:36"
42962,"機車百貨(ODR3xFib)",1,1099,"信用卡",27563,"2017-01-17 16:01:11"
42963,"水壺、杯子(9XisaXM8)",1,799,"信用卡",27563,"2017-01-17 16:01:11"
42965,"機車百貨(ODR3xFib)",1,1099,"貨到付款",25437,"2017-01-17 16:02:02"
42966,"機車百貨(ODR3xFib)",1,1099,"信用卡",27179,"2017-01-17 16:02:05"
42967,"水壺、杯子(9XisaXM8)",1,799,"信用卡",27179,"2017-01-17 16:02:05"
42969,"機車百貨(ODR3xFib)",1,1099,"信用卡",28101,"2017-01-17 16:03:06"
42970,"機車百貨(ODR3xFib)",1,1099,"信用卡",17215,"2017-01-17 16:03:38"
42971,"機車百貨(ODR3xFib)",1,1099,"信用卡",27634,"2017-01-17 16:03:45"
42972,"水壺、杯子(9XisaXM8)",1,799,"信用卡",22583,"2017-01-17 16:03:49"
42973,"機車百貨(ODR3xFib)",1,1099,"貨到付款",28293,"2017-01-17 16:04:02"
42974,"水壺、杯子(9XisaXM8)",1,799,"信用卡",17571,"2017-01-17 16:04:29"
42975,"水壺、杯子(9XisaXM8)",1,799,"信用卡",25612,"2017-01-17 16:04:39"
42976,"腳踏車、自行車(75PWtiyS)",1,1399,"信用卡",27563,"2017-01-17 16:05:21"
42977,"腳踏車、自行車(75PWtiyS)",1,1399,"ATM轉帳",18849,"2017-01-17 16:05:35"
42979,"水壺、杯子(9XisaXM8)",1,799,"信用卡",25831,"2017-01-17 16:06:27"
42980,"腳踏車、自行車(75PWtiyS)",1,1399,"信用卡",27472,"2017-01-17 16:06:29"
42983,"水壺、杯子(9XisaXM8)",1,799,"信用卡",29436,"2017-01-17 16:07:18"
42985,"腳踏車、自行車(75PWtiyS)",1,1399,"貨到付款",28032,"2017-01-17 16:14:26"
42986,"腳踏車、自行車(75PWtiyS)",1,1399,"信用卡",29434,"2017-01-17 16:14:38"
42990,"機車百貨(ODR3xFib)",1,1099,"ATM轉帳",29509,"2017-01-17 16:18:23"
42991,"腳踏車、自行車(75PWtiyS)",1,1399,"ATM轉帳",25923,"2017-01-17 16:18:23"
42992,"腳踏車、自行車(75PWtiyS)",1,1399,"信用卡",17577,"2017-01-17 16:19:00"
42996,"機車百貨(ODR3xFib)",1,1099,"信用卡",25652,"2017-01-17 16:24:47"
42997,"運動鞋(Fqn3f6Ow)",1,1499,"信用卡",18999,"2017-01-17 16:27:59"
42998,"機車百貨(ODR3xFib)",1,1099,"無",25125,"2017-01-17 16:30:10"
43000,"CD&DVD(n3jnFxS0)",2,1598,"信用卡",29404,"2017-01-17 16:32:25"
43001,"運動鞋(Fqn3f6Ow)",1,1499,"信用卡",29404,"2017-01-17 16:32:25"
43002,"背心(RUoyUnTf)",1,799,"貨到付款",29510,"2017-01-17 16:32:34"
43003,"水壺、杯子(9XisaXM8)",1,799,"信用卡",26296,"2017-01-17 16:32:41"
43018,"素食(5CtkT6U2)",1,899,"信用卡",27685,"2017-01-17 20:15:52"
43020,"CD&DVD(n3jnFxS0)",1,899,"信用卡",29515,"2017-01-17 20:34:46"
43021,"男鞋(xQMRouXv)",1,899,"信用卡",28025,"2017-01-17 20:47:56"
43047,"行李箱(2eHlZyy4)",2,1998,"信用卡",24851,"2017-01-18 07:49:40"
43062,"帽T(Uv7wJbWl)",1,380,"貨到付款",28139,"2017-01-18 10:32:49"
43060,"洋裝(4fuzx4CS)",1,560,"貨到付款",28139,"2017-01-18 10:32:49"
43063,"汽車百貨(sW6GwIeW)",1,460,"貨到付款",28139,"2017-01-18 10:32:49"
43061,"筆記型電腦(YYtG9ZZG)",1,360,"貨到付款",28139,"2017-01-18 10:32:49"
43067,"髮飾(SGxCvDbx)",1,1049,"ATM轉帳",29410,"2017-01-18 10:45:48"
43068,"行李箱(2eHlZyy4)",1,1099,"貨到付款",29518,"2017-01-18 10:47:37"
43069,"背心(RUoyUnTf)",1,799,"貨到付款",29518,"2017-01-18 10:48:08"
43074,"筆記型電腦(YYtG9ZZG)",2,520,"信用卡",25602,"2017-01-18 10:57:40"
43077,"水壺、杯子(E03FZJzH)",2,660,"信用卡",25602,"2017-01-18 10:57:40"
43078,"靴子(huUCTpW5)",1,430,"信用卡",25602,"2017-01-18 10:57:40"
43076,"美妝保健(CNaZNhtz)",1,600,"信用卡",25602,"2017-01-18 10:57:40"
43075,"燈具(JNiXS0Pg)",1,350,"信用卡",25602,"2017-01-18 10:57:40"
43082,"背心(RUoyUnTf)",1,799,"信用卡",28085,"2017-01-18 11:05:55"
43086,"筆記型電腦(YYtG9ZZG)",1,360,"現金",27385,"2017-01-18 11:14:33"
43087,"電視機(7Ru8DHUu)",1,1040,"貨到付款",25076,"2017-01-18 11:15:50"
43088,"靴子(46nojAYE)",1,350,"貨到付款",25076,"2017-01-18 11:15:50"
43090,"電腦零組件(jvfsDiDZ)",1,550,"信用卡",27129,"2017-01-18 11:17:23"
43089,"電視機(7Ru8DHUu)",1,1040,"信用卡",27129,"2017-01-18 11:17:23"
43092,"靴子(46nojAYE)",1,350,"現金",22581,"2017-01-18 11:17:40"
43091,"洋裝(4fuzx4CS)",1,560,"現金",22581,"2017-01-18 11:17:40"
43093,"電腦零組件(jvfsDiDZ)",1,550,"現金",27107,"2017-01-18 11:18:49"
43095,"洋裝(4fuzx4CS)",1,560,"信用卡",20017,"2017-01-18 11:21:06"
43098,"靴子(46nojAYE)",2,500,"信用卡",22583,"2017-01-18 11:26:02"
43099,"背心(RUoyUnTf)",1,799,"信用卡",29520,"2017-01-18 11:26:12"
43106,"靴子(46nojAYE)",1,350,"貨到付款",20175,"2017-01-18 11:42:54"
43105,"美妝保健(CNaZNhtz)",1,600,"貨到付款",20175,"2017-01-18 11:42:54"
43104,"洋裝(4fuzx4CS)",1,560,"貨到付款",20175,"2017-01-18 11:42:54"
43107,"電視機(7Ru8DHUu)",1,1040,"信用卡",28294,"2017-01-18 11:44:46"
43108,"洋裝(4fuzx4CS)",1,560,"信用卡",22520,"2017-01-18 11:45:53"
43109,"燈具(JNiXS0Pg)",1,350,"信用卡",22520,"2017-01-18 11:45:53"
43110,"機車百貨(Q0BiPpuv)",1,320,"現金",25652,"2017-01-18 11:51:51"
43111,"洋裝(4fuzx4CS)",1,560,"現金",17899,"2017-01-18 11:55:37"
43112,"靴子(46nojAYE)",1,350,"現金",17899,"2017-01-18 11:55:37"
43115,"電腦零組件(jvfsDiDZ)",1,550,"信用卡",26294,"2017-01-18 11:58:44"
43114,"洋裝(4fuzx4CS)",1,560,"信用卡",26294,"2017-01-18 11:58:44"
43116,"洋裝(4fuzx4CS)",1,560,"信用卡",26943,"2017-01-18 12:00:34"
43117,"汽車百貨(sW6GwIeW)",1,460,"信用卡",26943,"2017-01-18 12:00:34"
43119,"電視機(7Ru8DHUu)",1,1040,"貨到付款",17615,"2017-01-18 12:08:59"
43118,"洋裝(4fuzx4CS)",1,560,"貨到付款",17615,"2017-01-18 12:08:59"
43120,"美妝保健(CNaZNhtz)",1,600,"貨到付款",17615,"2017-01-18 12:08:59"
43124,"背心(RUoyUnTf)",1,799,"貨到付款",17916,"2017-01-18 12:22:18"
43125,"背心(RUoyUnTf)",1,799,"信用卡",17789,"2017-01-18 12:25:52"
43127,"行李箱(2eHlZyy4)",1,1099,"信用卡",18796,"2017-01-18 12:26:35"
43128,"背心(RUoyUnTf)",1,799,"貨到付款",25491,"2017-01-18 12:27:46"
43129,"CD&DVD(n3jnFxS0)",1,899,"信用卡",25833,"2017-01-18 12:46:13"
43132,"背心(RUoyUnTf)",1,799,"ATM轉帳",26770,"2017-01-18 12:49:28"
43135,"背心(RUoyUnTf)",1,799,"信用卡",26873,"2017-01-18 13:05:46"
43136,"背心(RUoyUnTf)",1,799,"信用卡",27113,"2017-01-18 13:26:06"
43137,"背心(RUoyUnTf)",1,799,"ATM轉帳",25608,"2017-01-18 13:26:42"
43140,"背心(RUoyUnTf)",1,799,"貨到付款",27142,"2017-01-18 13:33:20"
43141,"洋裝(4fuzx4CS)",1,560,"信用卡",17577,"2017-01-18 13:35:54"
43143,"美容工具(eopHyQbl)",1,799,"信用卡",25785,"2017-01-18 14:09:37"
43144,"美容工具(eopHyQbl)",1,799,"信用卡",25785,"2017-01-18 14:12:27"
43147,"帽T(Uv7wJbWl)",1,380,"信用卡",25126,"2017-01-18 14:12:57"
43146,"機車百貨(TBzYycwO)",1,320,"信用卡",25126,"2017-01-18 14:12:57"
43145,"零食(oknOmuqV)",1,279,"信用卡",25126,"2017-01-18 14:12:57"
43148,"美容工具(eopHyQbl)",1,799,"信用卡",25785,"2017-01-18 14:15:16"
43149,"電視機(7Ru8DHUu)",1,1040,"信用卡",27615,"2017-01-18 14:15:58"
43150,"美容工具(eopHyQbl)",1,799,"信用卡",25785,"2017-01-18 14:16:43"
43151,"美容工具(eopHyQbl)",1,799,"信用卡",25785,"2017-01-18 14:17:55"
43152,"美容工具(eopHyQbl)",1,799,"信用卡",25785,"2017-01-18 14:19:33"
43154,"行李箱(2eHlZyy4)",1,1099,"信用卡",25833,"2017-01-18 14:27:52"
43156,"背心(RUoyUnTf)",1,799,"信用卡",18814,"2017-01-18 14:35:13"
43173,"男鞋(xQMRouXv)",2,1598,"信用卡",27143,"2017-01-18 15:18:37"
43175,"背心(RUoyUnTf)",1,799,"信用卡",29524,"2017-01-18 15:20:35"
43181,"背心(RUoyUnTf)",2,1398,"貨到付款",25601,"2017-01-18 16:11:55"
43185,"背心(RUoyUnTf)",1,799,"ATM轉帳",25843,"2017-01-18 16:14:57"
43194,"背心(RUoyUnTf)",2,1398,"信用卡",24904,"2017-01-18 16:25:21"
43231,"背心(RUoyUnTf)",1,799,"ATM轉帳",29525,"2017-01-18 18:27:33"
43252,"背心(RUoyUnTf)",1,799,"信用卡",29531,"2017-01-19 01:38:28"
43285,"後背包(cZKko451)",1,899,"信用卡",28250,"2017-01-19 11:19:46"
43331,"後背包(cZKko451)",3,2297,"信用卡",25602,"2017-01-19 11:54:33"
43344,"後背包(cZKko451)",2,1598,"信用卡",26832,"2017-01-19 12:39:03"
43345,"後背包(cZKko451)",2,1598,"ATM轉帳",25923,"2017-01-19 12:45:40"
43346,"背心(RUoyUnTf)",2,1398,"信用卡",29533,"2017-01-19 12:46:29"
43347,"後背包(cZKko451)",2,1598,"ATM轉帳",26730,"2017-01-19 12:46:48"
43348,"後背包(cZKko451)",1,899,"信用卡",29534,"2017-01-19 12:58:22"
43349,"後背包(cZKko451)",1,899,"信用卡",27037,"2017-01-19 13:01:02"
43350,"後背包(cZKko451)",4,2996,"ATM轉帳",29535,"2017-01-19 13:18:55"
43351,"後背包(cZKko451)",2,1598,"ATM轉帳",24950,"2017-01-19 13:22:53"
43352,"後背包(cZKko451)",3,2297,"信用卡",17418,"2017-01-19 13:23:15"
43354,"後背包(cZKko451)",2,1598,"信用卡",18849,"2017-01-19 13:25:52"
43355,"後背包(cZKko451)",1,899,"信用卡",29536,"2017-01-19 13:27:50"
43356,"後背包(cZKko451)",1,899,"信用卡",27563,"2017-01-19 13:27:54"
43357,"後背包(cZKko451)",3,2297,"貨到付款",28246,"2017-01-19 13:33:08"
43359,"後背包(cZKko451)",2,1598,"信用卡",25702,"2017-01-19 13:41:37"
43360,"後背包(cZKko451)",1,899,"貨到付款",25979,"2017-01-19 13:48:04"
43361,"平板電腦(5kQoaJct)",1,799,"貨到付款",26924,"2017-01-19 13:48:47"
43362,"後背包(cZKko451)",1,899,"貨到付款",17625,"2017-01-19 13:49:07"
43363,"平板電腦(5kQoaJct)",1,799,"信用卡",26730,"2017-01-19 13:49:15"
43364,"平板電腦(5kQoaJct)",1,799,"信用卡",25145,"2017-01-19 13:50:26"
43365,"後背包(cZKko451)",1,899,"ATM轉帳",22417,"2017-01-19 13:50:36"
43366,"後背包(cZKko451)",1,899,"信用卡",27563,"2017-01-19 13:51:08"
43367,"平板電腦(5kQoaJct)",1,799,"貨到付款",22417,"2017-01-19 13:51:55"
43368,"平板電腦(5kQoaJct)",1,799,"信用卡",28025,"2017-01-19 13:52:22"
43370,"平板電腦(5kQoaJct)",1,799,"信用卡",25580,"2017-01-19 13:53:16"
43371,"平板電腦(5kQoaJct)",1,799,"信用卡",25584,"2017-01-19 13:54:40"
43372,"平板電腦(5kQoaJct)",1,799,"貨到付款",25585,"2017-01-19 13:55:32"
43373,"平板電腦(5kQoaJct)",1,799,"信用卡",25878,"2017-01-19 13:57:49"
43375,"素食(5CtkT6U2)",1,899,"信用卡",27563,"2017-01-19 14:14:25"
43376,"平板電腦(5kQoaJct)",1,799,"ATM轉帳",25923,"2017-01-19 14:23:55"
43382,"背心(RUoyUnTf)",1,799,"ATM轉帳",25719,"2017-01-19 14:42:33"
43423,"後背包(cZKko451)",1,899,"信用卡",28243,"2017-01-19 17:38:13"
43424,"後背包(cZKko451)",1,899,"信用卡",28243,"2017-01-19 17:39:19"
43425,"背心(RUoyUnTf)",1,799,"信用卡",29539,"2017-01-19 18:15:17"
43454,"背心(RUoyUnTf)",1,799,"信用卡",29540,"2017-01-19 21:45:52"
43469,"襯衫(kg6hsDK0)",1,499,"現金",27175,"2017-01-20 09:41:29"
43470,"美容工具(KspqO0S9)",1,1040,"現金",27175,"2017-01-20 09:41:29"
43471,"戶外休閒用品(tDSEORLM)",3,1280,"現金",27175,"2017-01-20 09:41:29"
43488,"戶外休閒用品(tDSEORLM)",1,560,"信用卡",25561,"2017-01-20 11:43:07"
43489,"掌上型電玩(FwGh9ZvN)",1,299,"信用卡",25561,"2017-01-20 11:43:07"
43487,"外套(cwwvyHBZ)",1,580,"信用卡",25561,"2017-01-20 11:43:07"
43490,"戶外休閒用品(tDSEORLM)",2,920,"信用卡",29404,"2017-01-20 11:43:15"
43495,"水壺、杯子(M1w6yrfJ)",1,820,"信用卡",26730,"2017-01-20 11:44:44"
43491,"電腦周邊配件(3jKBcvRC)",1,335,"信用卡",26730,"2017-01-20 11:44:44"
43492,"外套(cwwvyHBZ)",1,580,"信用卡",26730,"2017-01-20 11:44:44"
43494,"電玩遊戲(YZQGgrVX)",1,399,"信用卡",26730,"2017-01-20 11:44:44"
43493,"CD&DVD(2nBPM0vV)",1,399,"信用卡",26730,"2017-01-20 11:44:44"
43497,"美妝保健(9mlPFlhx)",1,410,"信用卡",25608,"2017-01-20 11:48:57"
43496,"戶外休閒用品(tDSEORLM)",2,920,"信用卡",25608,"2017-01-20 11:48:57"
43504,"飲品、沖泡品(FwYEZVWF)",1,460,"信用卡",18678,"2017-01-20 11:52:08"
43506,"外套(cwwvyHBZ)",1,580,"信用卡",18678,"2017-01-20 11:52:08"
43505,"CD&DVD(2nBPM0vV)",1,399,"信用卡",18678,"2017-01-20 11:52:08"
43509,"電玩遊戲(YZQGgrVX)",1,399,"貨到付款",25076,"2017-01-20 11:52:10"
43508,"美妝保健(9mlPFlhx)",1,410,"貨到付款",25076,"2017-01-20 11:52:10"
43507,"襯衫(kg6hsDK0)",1,499,"貨到付款",25076,"2017-01-20 11:52:10"
43510,"襯衫(kg6hsDK0)",2,798,"信用卡",25652,"2017-01-20 11:54:55"
43511,"電玩遊戲(YZQGgrVX)",1,399,"信用卡",25652,"2017-01-20 11:54:55"
43514,"外套(cwwvyHBZ)",1,580,"信用卡",22520,"2017-01-20 11:57:54"
43513,"靴子(bzz0EN2W)",1,450,"信用卡",22520,"2017-01-20 11:57:54"
43515,"襯衫(kg6hsDK0)",1,499,"信用卡",22520,"2017-01-20 11:57:54"
43516,"水壺、杯子(M1w6yrfJ)",1,820,"信用卡",22520,"2017-01-20 11:57:54"
43517,"戶外休閒用品(tDSEORLM)",1,560,"信用卡",22520,"2017-01-20 11:57:54"
43519,"電腦周邊配件(3jKBcvRC)",1,335,"現金",25527,"2017-01-20 11:59:29"
43518,"美妝保健(9mlPFlhx)",1,410,"現金",25527,"2017-01-20 11:59:29"
43521,"襯衫(kg6hsDK0)",2,798,"貨到付款",22554,"2017-01-20 12:06:39"
43522,"襯衫(kg6hsDK0)",1,499,"信用卡",26937,"2017-01-20 12:12:34"
43523,"襯衫(kg6hsDK0)",1,499,"貨到付款",25999,"2017-01-20 12:14:30"
43524,"電腦周邊配件(3jKBcvRC)",1,335,"貨到付款",25999,"2017-01-20 12:15:12"
43525,"電玩遊戲(YZQGgrVX)",1,399,"現金",17643,"2017-01-20 12:15:21"
43526,"美妝保健(9mlPFlhx)",1,410,"信用卡",17643,"2017-01-20 12:19:07"
43527,"襯衫(kg6hsDK0)",1,499,"信用卡",17643,"2017-01-20 12:19:07"
43528,"行李箱(2eHlZyy4)",1,1099,"ATM轉帳",17846,"2017-01-20 12:22:48"
43530,"行李箱(2eHlZyy4)",2,1998,"信用卡",25415,"2017-01-20 12:26:27"
43533,"美妝保健(9mlPFlhx)",1,410,"貨到付款",29545,"2017-01-20 12:30:04"
43532,"外套(cwwvyHBZ)",1,580,"貨到付款",29545,"2017-01-20 12:30:04"
43531,"CD&DVD(Ahc1FynQ)",1,365,"貨到付款",29545,"2017-01-20 12:30:04"
43534,"外套(cwwvyHBZ)",1,580,"貨到付款",22461,"2017-01-20 12:30:23"
43535,"電視機(VydgFov4)",1,430,"貨到付款",22461,"2017-01-20 12:30:23"
43542,"飲品、沖泡品(FwYEZVWF)",1,460,"貨到付款",28246,"2017-01-20 12:52:19"
43541,"外套(cwwvyHBZ)",1,580,"貨到付款",28246,"2017-01-20 12:52:19"
43539,"CD&DVD(2nBPM0vV)",1,399,"貨到付款",28246,"2017-01-20 12:52:19"
43540,"靴子(bzz0EN2W)",1,450,"貨到付款",28246,"2017-01-20 12:52:19"
43544,"飲品、沖泡品(FwYEZVWF)",1,460,"貨到付款",17821,"2017-01-20 13:06:01"
43543,"電腦周邊配件(3jKBcvRC)",2,470,"貨到付款",17821,"2017-01-20 13:06:01"
43545,"行李箱(2eHlZyy4)",1,1099,"信用卡",19985,"2017-01-20 13:37:13"
43546,"行李箱(2eHlZyy4)",1,1099,"信用卡",26107,"2017-01-20 13:43:52"
43547,"行李箱(2eHlZyy4)",2,1998,"信用卡",27574,"2017-01-20 13:43:53"
43549,"外套(cwwvyHBZ)",1,580,"信用卡",26107,"2017-01-20 13:44:49"
43548,"裙子(4fLKZmYV)",1,299,"信用卡",26107,"2017-01-20 13:44:49"
43550,"裙子(4fLKZmYV)",5,695,"信用卡",25150,"2017-01-20 13:52:07"
43553,"外套(cwwvyHBZ)",1,580,"信用卡",25150,"2017-01-20 13:52:07"
43552,"掌上型電玩(FwGh9ZvN)",2,398,"信用卡",25150,"2017-01-20 13:52:07"
43551,"文具(c7MRIcSh)",1,269,"信用卡",25150,"2017-01-20 13:52:07"
43554,"行李箱(2eHlZyy4)",2,1998,"ATM轉帳",27677,"2017-01-20 14:25:36"
43567,"電腦周邊配件(3jKBcvRC)",1,335,"現金",17350,"2017-01-20 15:03:53"
43566,"飲品、沖泡品(FwYEZVWF)",1,460,"現金",17350,"2017-01-20 15:03:53"
43628,"行李箱(2eHlZyy4)",2,1998,"ATM轉帳",29549,"2017-01-20 17:17:31"
43637,"行李箱(2eHlZyy4)",1,1099,"ATM轉帳",29550,"2017-01-20 19:54:45"
43655,"後背包(cZKko451)",1,899,"信用卡",26968,"2017-01-21 11:30:24"
43658,"CD&DVD(n3jnFxS0)",1,899,"ATM轉帳",29554,"2017-01-21 12:01:05"
43690,"行李箱(2eHlZyy4)",1,1099,"信用卡",17159,"2017-01-21 13:39:50"
43691,"CD&DVD(n3jnFxS0)",1,899,"信用卡",17159,"2017-01-21 13:42:18"
43692,"後背包(cZKko451)",1,899,"信用卡",17159,"2017-01-21 13:46:55"
43693,"後背包(cZKko451)",2,1598,"ATM轉帳",27908,"2017-01-21 14:02:06"
43696,"後背包(cZKko451)",1,899,"ATM轉帳",26658,"2017-01-21 14:10:04"
43697,"後背包(cZKko451)",1,899,"ATM轉帳",29550,"2017-01-21 14:11:55"
43698,"CD&DVD(n3jnFxS0)",1,899,"信用卡",27963,"2017-01-21 14:12:43"
43699,"後背包(cZKko451)",1,899,"信用卡",27963,"2017-01-21 14:12:43"
43700,"後背包(cZKko451)",1,899,"信用卡",25785,"2017-01-21 14:14:02"
43701,"後背包(cZKko451)",1,899,"信用卡",17347,"2017-01-21 14:19:19"
43702,"後背包(cZKko451)",2,1598,"貨到付款",17621,"2017-01-21 14:21:22"
43703,"後背包(cZKko451)",3,2297,"信用卡",24895,"2017-01-21 14:22:10"
43704,"CD&DVD(n3jnFxS0)",1,899,"信用卡",27947,"2017-01-21 14:22:24"
43707,"後背包(cZKko451)",1,899,"信用卡",29556,"2017-01-21 14:31:32"
43709,"後背包(cZKko451)",1,899,"信用卡",28222,"2017-01-21 14:58:30"
43710,"後背包(cZKko451)",1,899,"信用卡",26107,"2017-01-21 15:01:43"
43712,"後背包(cZKko451)",1,899,"信用卡",28001,"2017-01-21 15:10:17"
43713,"後背包(cZKko451)",2,1598,"信用卡",25702,"2017-01-21 15:17:27"
43714,"後背包(cZKko451)",1,899,"貨到付款",29518,"2017-01-21 15:22:58"
43723,"後背包(cZKko451)",1,899,"信用卡",28118,"2017-01-21 16:35:50"
43724,"後背包(cZKko451)",6,4394,"現金",17120,"2017-01-21 16:52:40"
43727,"行李箱(2eHlZyy4)",2,1998,"ATM轉帳",29559,"2017-01-21 17:22:11"
43728,"後背包(cZKko451)",1,899,"信用卡",22285,"2017-01-21 17:32:40"
43736,"後背包(cZKko451)",5,3695,"信用卡",26814,"2017-01-21 18:21:14"
43737,"後背包(cZKko451)",5,3695,"信用卡",25461,"2017-01-21 18:22:21"
43746,"後背包(cZKko451)",4,2996,"貨到付款",29555,"2017-01-21 18:51:33"
43762,"後背包(cZKko451)",1,899,"信用卡",29560,"2017-01-21 20:46:51"
43765,"後背包(cZKko451)",3,2297,"ATM轉帳",28312,"2017-01-21 21:40:21"
43768,"後背包(cZKko451)",1,899,"ATM轉帳",26730,"2017-01-21 22:00:38"
43769,"行李箱(2eHlZyy4)",1,1099,"信用卡",27810,"2017-01-21 22:34:54"
43770,"後背包(cZKko451)",2,1598,"信用卡",29560,"2017-01-21 23:04:11"
43772,"後背包(cZKko451)",2,1598,"貨到付款",26826,"2017-01-21 23:10:43"
43773,"後背包(cZKko451)",3,2297,"信用卡",29561,"2017-01-21 23:15:43"
43774,"後背包(cZKko451)",3,2297,"ATM轉帳",29562,"2017-01-21 23:22:16"
43776,"後背包(cZKko451)",1,899,"貨到付款",29997,"2017-01-21 23:29:12"
43779,"後背包(cZKko451)",1,899,"信用卡",25330,"2017-01-22 00:23:13"
43790,"後背包(cZKko451)",1,899,"信用卡",25714,"2017-01-22 09:48:53"
43795,"後背包(cZKko451)",2,1598,"信用卡",29564,"2017-01-22 12:00:03"
43796,"後背包(cZKko451)",1,899,"信用卡",18891,"2017-01-22 12:08:08"
43797,"後背包(cZKko451)",1,899,"信用卡",25661,"2017-01-22 13:01:02"
43802,"後背包(cZKko451)",2,1598,"信用卡",29565,"2017-01-22 15:43:55"
43807,"後背包(cZKko451)",1,899,"信用卡",29568,"2017-01-22 22:50:38"
43824,"掌上型電玩(0sBfafeJ)",1,530,"信用卡",27143,"2017-01-23 10:26:12"
43823,"運動鞋(MKPdG4ve)",2,900,"信用卡",27143,"2017-01-23 10:26:12"
43822,"清潔用品(bP36JTdB)",1,299,"信用卡",27143,"2017-01-23 10:26:12"
43821,"美妝保健(YoYnQbn6)",1,820,"信用卡",27143,"2017-01-23 10:26:12"
43825,"後背包(cZKko451)",1,899,"信用卡",26822,"2017-01-23 10:28:45"
43826,"後背包(cZKko451)",2,1598,"信用卡",26822,"2017-01-23 10:30:05"
43829,"T恤(VdRMDSGz)",1,650,"信用卡",25652,"2017-01-23 10:45:30"
43828,"運動鞋(MKPdG4ve)",1,550,"信用卡",25652,"2017-01-23 10:45:30"
43833,"後背包(cZKko451)",1,899,"ATM轉帳",27007,"2017-01-23 11:12:14"
43835,"毛衣(9JWoQ00u)",2,1880,"信用卡",27102,"2017-01-23 11:21:11"
43841,"運動鞋(MKPdG4ve)",1,550,"信用卡",27951,"2017-01-23 11:23:54"
43840,"燈具(bxejTYu9)",1,580,"信用卡",27951,"2017-01-23 11:23:54"
43837,"T恤(VdRMDSGz)",1,650,"信用卡",27951,"2017-01-23 11:23:54"
43838,"硬碟(8fxgX12a)",1,450,"信用卡",27951,"2017-01-23 11:23:54"
43839,"清潔用品(bP36JTdB)",1,299,"信用卡",27951,"2017-01-23 11:23:54"
43836,"美容工具(NMhbrJWu)",1,259,"信用卡",27951,"2017-01-23 11:23:54"
43843,"燈具(bxejTYu9)",1,580,"現金",18814,"2017-01-23 11:24:46"
43842,"生鮮食品(ybDEpQ73)",1,320,"現金",18814,"2017-01-23 11:24:46"
43844,"素食(T99pq07Y)",1,350,"貨到付款",26865,"2017-01-23 11:25:45"
43846,"長褲(k3gmA8np)",1,399,"貨到付款",26865,"2017-01-23 11:25:45"
43845,"耳機喇叭(m5X2hvk2)",1,299,"貨到付款",26865,"2017-01-23 11:25:45"
43847,"T恤(VdRMDSGz)",1,650,"現金",26972,"2017-01-23 11:25:48"
43851,"公仔、模型(jnEsgzDH)",1,460,"貨到付款",24865,"2017-01-23 11:26:35"
43850,"耳機喇叭(m5X2hvk2)",1,299,"貨到付款",24865,"2017-01-23 11:26:35"
43849,"戶外休閒用品(NWfQXHIm)",1,560,"貨到付款",24865,"2017-01-23 11:26:35"
43848,"長褲(k3gmA8np)",1,399,"貨到付款",24865,"2017-01-23 11:26:35"
43852,"運動鞋(MKPdG4ve)",1,550,"信用卡",25661,"2017-01-23 11:28:34"
43855,"電玩遊戲(vNFqbbFa)",2,1080,"信用卡",25661,"2017-01-23 11:28:34"
43853,"耳機喇叭(m5X2hvk2)",1,299,"信用卡",25661,"2017-01-23 11:28:34"
43854,"飲品、沖泡品(xIP11UVL)",2,398,"信用卡",25661,"2017-01-23 11:28:34"
43856,"戶外休閒用品(NWfQXHIm)",2,920,"信用卡",26872,"2017-01-23 11:29:54"
43857,"毛衣(9JWoQ00u)",2,1880,"信用卡",27102,"2017-01-23 11:33:40"
43859,"臉部保養(ZAtnl34s)",2,500,"信用卡",27102,"2017-01-23 11:33:40"
43858,"硬碟(8fxgX12a)",1,450,"信用卡",27102,"2017-01-23 11:33:40"
43861,"臉部保養(ZAtnl34s)",1,350,"信用卡",27335,"2017-01-23 11:35:51"
43863,"長褲(k3gmA8np)",1,399,"信用卡",27335,"2017-01-23 11:35:51"
43862,"飲品、沖泡品(xIP11UVL)",1,299,"信用卡",27335,"2017-01-23 11:35:51"
43872,"美妝保健(YoYnQbn6)",1,820,"貨到付款",25999,"2017-01-23 11:42:26"
43869,"T恤(VdRMDSGz)",1,650,"貨到付款",25999,"2017-01-23 11:42:26"
43870,"運動鞋(MKPdG4ve)",1,550,"貨到付款",25999,"2017-01-23 11:42:26"
43868,"生鮮食品(ybDEpQ73)",1,320,"貨到付款",25999,"2017-01-23 11:42:26"
43871,"戶外休閒用品(NWfQXHIm)",1,560,"貨到付款",25999,"2017-01-23 11:42:26"
43876,"戶外休閒用品(NWfQXHIm)",1,560,"ATM轉帳",22607,"2017-01-23 11:48:50"
43875,"臉部保養(ZAtnl34s)",1,350,"ATM轉帳",22607,"2017-01-23 11:48:50"
43877,"長褲(k3gmA8np)",1,399,"ATM轉帳",22607,"2017-01-23 11:48:50"
43874,"美容工具(NMhbrJWu)",1,259,"ATM轉帳",22607,"2017-01-23 11:48:50"
43879,"美容工具(NMhbrJWu)",1,259,"貨到付款",22476,"2017-01-23 11:51:25"
43878,"燈具(bxejTYu9)",1,580,"貨到付款",22476,"2017-01-23 11:51:25"
43881,"運動鞋(MKPdG4ve)",1,550,"貨到付款",22476,"2017-01-23 11:51:25"
43880,"毛衣(9JWoQ00u)",1,1040,"貨到付款",22476,"2017-01-23 11:51:25"
43882,"素食(T99pq07Y)",1,350,"信用卡",28118,"2017-01-23 11:55:47"
43885,"長褲(k3gmA8np)",1,399,"信用卡",30672,"2017-01-23 11:55:53"
43886,"燈具(bxejTYu9)",1,580,"信用卡",30672,"2017-01-23 11:55:53"
43887,"臉部保養(ZAtnl34s)",1,350,"信用卡",30672,"2017-01-23 11:55:53"
43883,"美容工具(NMhbrJWu)",1,259,"信用卡",30672,"2017-01-23 11:55:53"
43884,"公仔、模型(jnEsgzDH)",1,460,"信用卡",30672,"2017-01-23 11:55:53"
43888,"T恤(VdRMDSGz)",1,650,"現金",17643,"2017-01-23 12:00:50"
43891,"清潔用品(bP36JTdB)",1,299,"信用卡",27333,"2017-01-23 12:02:43"
43893,"生鮮食品(ybDEpQ73)",2,440,"信用卡",27333,"2017-01-23 12:02:43"
43892,"燈具(bxejTYu9)",1,580,"信用卡",27333,"2017-01-23 12:02:43"
43890,"毛衣(9JWoQ00u)",1,1040,"信用卡",27333,"2017-01-23 12:02:43"
43899,"戶外休閒用品(NWfQXHIm)",1,560,"信用卡",27612,"2017-01-23 12:08:45"
43900,"長褲(k3gmA8np)",1,399,"信用卡",27612,"2017-01-23 12:08:45"
43901,"戶外休閒用品(NWfQXHIm)",2,920,"信用卡",17940,"2017-01-23 12:10:18"
43905,"後背包(cZKko451)",5,3695,"信用卡",29555,"2017-01-23 12:31:20"
43909,"素食(T99pq07Y)",1,350,"信用卡",25709,"2017-01-23 12:32:21"
43908,"長褲(k3gmA8np)",1,399,"信用卡",25709,"2017-01-23 12:32:21"
43907,"燈具(bxejTYu9)",1,580,"信用卡",25709,"2017-01-23 12:32:21"
43906,"生鮮食品(ybDEpQ73)",1,320,"信用卡",25709,"2017-01-23 12:32:21"
43910,"後背包(cZKko451)",1,899,"信用卡",29555,"2017-01-23 12:33:07"
43912,"臉部保養(ZAtnl34s)",2,500,"信用卡",29404,"2017-01-23 12:41:46"
43914,"電玩遊戲(vNFqbbFa)",2,1080,"信用卡",29404,"2017-01-23 12:41:46"
43913,"燈具(bxejTYu9)",2,960,"信用卡",29404,"2017-01-23 12:41:46"
43916,"戶外休閒用品(NWfQXHIm)",2,920,"ATM轉帳",17940,"2017-01-23 13:12:08"
43921,"燈具(bxejTYu9)",1,580,"現金",27385,"2017-01-23 13:34:58"
43920,"長褲(k3gmA8np)",1,399,"現金",27385,"2017-01-23 13:34:58"
43922,"電玩遊戲(vNFqbbFa)",1,640,"現金",27385,"2017-01-23 13:34:58"
43925,"生鮮食品(ybDEpQ73)",2,440,"信用卡",18957,"2017-01-23 14:00:05"
43927,"T恤(VdRMDSGz)",1,650,"信用卡",25833,"2017-01-23 14:09:57"
43946,"後背包(cZKko451)",2,1598,"信用卡",27869,"2017-01-23 18:19:11"
43976,"玩偶、娃娃(mRHntykn)",1,350,"現金",18814,"2017-01-24 11:47:58"
43978,"寵物玩具(uoiXS8Fh)",2,440,"貨到付款",22370,"2017-01-24 11:57:41"
43977,"運動服飾(rpTO3W9G)",3,347,"貨到付款",22370,"2017-01-24 11:57:41"
43979,"背心(uEuIxROk)",3,1340,"貨到付款",22370,"2017-01-24 11:57:41"
43982,"寵物玩具(uoiXS8Fh)",5,800,"貨到付款",22554,"2017-01-24 12:16:25"
43985,"背心(uEuIxROk)",1,580,"信用卡",27070,"2017-01-24 12:46:57"
43993,"側背包(doHjAgmZ)",4,1960,"信用卡",27896,"2017-01-24 14:04:46"
43991,"汽車百貨(0E2ePJH9)",5,945,"信用卡",27896,"2017-01-24 14:04:46"
43992,"運動服飾(rpTO3W9G)",5,445,"信用卡",27896,"2017-01-24 14:04:46"
44256,"美髮護理(UcZedsmz)",1,1299,"信用卡",17631,"2017-02-02 11:24:44"
44258,"樂器(ObDGBecH)",1,1099,"信用卡",27882,"2017-02-02 12:20:32"
44259,"樂器(ObDGBecH)",1,1099,"信用卡",26198,"2017-02-02 12:20:34"
44260,"樂器(ObDGBecH)",1,1099,"信用卡",17571,"2017-02-02 12:20:38"
44261,"美髮護理(UcZedsmz)",1,1299,"ATM轉帳",27107,"2017-02-02 12:21:35"
44262,"樂器(ObDGBecH)",1,1099,"信用卡",25096,"2017-02-02 12:22:05"
44271,"美髮護理(UcZedsmz)",1,1299,"信用卡",28068,"2017-02-02 12:22:19"
44272,"樂器(ObDGBecH)",2,1998,"信用卡",25886,"2017-02-02 12:22:41"
44274,"樂器(ObDGBecH)",1,1099,"貨到付款",27332,"2017-02-02 12:23:46"
44275,"樂器(ObDGBecH)",1,1099,"信用卡",27882,"2017-02-02 12:24:15"
44277,"樂器(ObDGBecH)",1,1099,"ATM轉帳",27740,"2017-02-02 12:25:07"
44276,"樂器(ObDGBecH)",1,1099,"信用卡",25638,"2017-02-02 12:25:07"
44278,"樂器(ObDGBecH)",1,1099,"信用卡",25150,"2017-02-02 12:25:54"
44279,"樂器(ObDGBecH)",1,1099,"信用卡",29604,"2017-02-02 12:26:24"
44280,"樂器(ObDGBecH)",2,1998,"貨到付款",25025,"2017-02-02 12:26:37"
44281,"美髮護理(UcZedsmz)",1,1299,"信用卡",29602,"2017-02-02 12:27:37"
44284,"樂器(ObDGBecH)",1,1099,"ATM轉帳",26740,"2017-02-02 12:30:08"
44285,"樂器(ObDGBecH)",1,1099,"貨到付款",28034,"2017-02-02 12:30:11"
44286,"樂器(ObDGBecH)",1,1099,"信用卡",29603,"2017-02-02 12:30:20"
44287,"洋裝(lNS6vPhi)",1,640,"ATM轉帳",26740,"2017-02-02 12:30:38"
44292,"美髮護理(UcZedsmz)",2,2398,"信用卡",28294,"2017-02-02 12:31:33"
44294,"飲品、沖泡品(LptykEJe)",1,360,"信用卡",17369,"2017-02-02 12:33:47"
44295,"手環(j6paFadf)",1,420,"信用卡",17369,"2017-02-02 12:33:47"
44293,"洋裝(lNS6vPhi)",1,640,"信用卡",17369,"2017-02-02 12:33:47"
44297,"美髮護理(UcZedsmz)",1,1299,"信用卡",29404,"2017-02-02 12:35:43"
44298,"樂器(ObDGBecH)",1,1099,"信用卡",17350,"2017-02-02 12:36:10"
44299,"樂器(ObDGBecH)",2,1998,"貨到付款",26251,"2017-02-02 12:36:26"
44300,"樂器(ObDGBecH)",1,1099,"信用卡",28025,"2017-02-02 12:40:47"
44303,"樂器(ObDGBecH)",1,1099,"ATM轉帳",24793,"2017-02-02 12:41:37"
44305,"美髮護理(UcZedsmz)",1,1299,"信用卡",26218,"2017-02-02 12:43:08"
44306,"樂器(ObDGBecH)",1,1099,"貨到付款",17527,"2017-02-02 12:43:35"
44307,"樂器(ObDGBecH)",1,1099,"信用卡",27333,"2017-02-02 12:44:12"
44308,"樂器(ObDGBecH)",1,1099,"信用卡",27036,"2017-02-02 12:45:15"
44309,"樂器(ObDGBecH)",1,1099,"貨到付款",27524,"2017-02-02 12:45:24"
44310,"美髮護理(UcZedsmz)",1,1299,"ATM轉帳",25722,"2017-02-02 12:45:34"
44312,"美髮護理(UcZedsmz)",1,1299,"貨到付款",26924,"2017-02-02 12:50:59"
44313,"樂器(ObDGBecH)",1,1099,"貨到付款",22454,"2017-02-02 12:51:23"
44314,"美髮護理(UcZedsmz)",1,1299,"信用卡",22556,"2017-02-02 12:53:07"
44315,"美髮護理(UcZedsmz)",1,1299,"信用卡",29605,"2017-02-02 12:58:06"
44319,"美髮護理(UcZedsmz)",1,1299,"信用卡",22520,"2017-02-02 13:11:54"
44320,"美髮護理(UcZedsmz)",1,1299,"信用卡",17395,"2017-02-02 13:13:44"
44321,"美髮護理(UcZedsmz)",1,1299,"信用卡",22520,"2017-02-02 13:14:02"
44324,"洋裝(lNS6vPhi)",1,640,"信用卡",22520,"2017-02-02 13:17:25"
44326,"美髮護理(UcZedsmz)",1,1299,"貨到付款",29547,"2017-02-02 13:24:15"
44329,"樂器(ObDGBecH)",1,1099,"信用卡",17418,"2017-02-02 13:29:50"
44330,"美髮護理(UcZedsmz)",2,2398,"信用卡",27634,"2017-02-02 13:31:34"
44331,"美髮護理(UcZedsmz)",1,1299,"信用卡",27947,"2017-02-02 13:36:20"
44332,"美髮護理(UcZedsmz)",1,1299,"貨到付款",25011,"2017-02-02 13:39:31"
44334,"樂器(ObDGBecH)",1,1099,"信用卡",26547,"2017-02-02 13:48:41"
44335,"樂器(ObDGBecH)",1,1099,"信用卡",26547,"2017-02-02 13:49:48"
44337,"耳環(U7nDvhKK)",1,299,"現金",22596,"2017-02-02 13:57:41"
44338,"飲品、沖泡品(LptykEJe)",1,360,"現金",22596,"2017-02-02 13:57:41"
44339,"美髮護理(UcZedsmz)",2,2398,"貨到付款",17621,"2017-02-02 14:01:18"
44341,"美髮護理(UcZedsmz)",1,1299,"信用卡",24921,"2017-02-02 14:06:23"
44342,"樂器(ObDGBecH)",1,1099,"信用卡",26825,"2017-02-02 14:16:33"
44343,"樂器(ObDGBecH)",1,1099,"信用卡",25296,"2017-02-02 14:20:53"
44344,"美髮護理(UcZedsmz)",1,1299,"ATM轉帳",22294,"2017-02-02 14:21:57"
44345,"美髮護理(UcZedsmz)",1,1299,"貨到付款",29547,"2017-02-02 14:25:31"
44349,"美髮護理(UcZedsmz)",1,1299,"信用卡",27858,"2017-02-02 14:46:29"
44351,"樂器(ObDGBecH)",1,1099,"信用卡",29609,"2017-02-02 14:54:20"
44352,"美髮護理(UcZedsmz)",1,1299,"貨到付款",29473,"2017-02-02 14:55:39"
44353,"樂器(ObDGBecH)",1,1099,"ATM轉帳",26068,"2017-02-02 14:55:40"
44354,"樂器(ObDGBecH)",1,1099,"ATM轉帳",26068,"2017-02-02 14:56:38"
44356,"樂器(ObDGBecH)",1,1099,"貨到付款",25879,"2017-02-02 15:03:15"
44357,"美髮護理(UcZedsmz)",1,1299,"貨到付款",27408,"2017-02-02 15:07:09"
44359,"樂器(ObDGBecH)",1,1099,"貨到付款",26826,"2017-02-02 15:09:19"
44361,"樂器(ObDGBecH)",1,1099,"信用卡",25833,"2017-02-02 15:35:01"
44362,"樂器(ObDGBecH)",1,1099,"信用卡",18683,"2017-02-02 15:35:36"
44366,"樂器(ObDGBecH)",1,1099,"信用卡",28317,"2017-02-02 15:53:03"
44369,"樂器(ObDGBecH)",6,5594,"信用卡",17487,"2017-02-02 16:02:54"
44370,"美髮護理(UcZedsmz)",1,1299,"信用卡",17487,"2017-02-02 16:02:54"
44385,"樂器(ObDGBecH)",1,1099,"貨到付款",28293,"2017-02-02 16:12:44"
44406,"樂器(ObDGBecH)",1,1099,"貨到付款",29613,"2017-02-02 16:29:16"
44407,"樂器(ObDGBecH)",1,1099,"信用卡",27320,"2017-02-02 16:34:07"
44415,"樂器(ObDGBecH)",1,1099,"信用卡",18999,"2017-02-02 16:50:45"
44432,"樂器(ObDGBecH)",1,1099,"信用卡",29616,"2017-02-02 17:08:21"
44433,"美髮護理(UcZedsmz)",1,1299,"信用卡",29616,"2017-02-02 17:08:21"
44438,"樂器(ObDGBecH)",1,1099,"信用卡",27073,"2017-02-02 17:33:39"
44440,"樂器(Hg55CKd0)",1,299,"信用卡",27102,"2017-02-02 17:38:53"
44439,"寵物玩具(Um9x0x6Q)",2,960,"信用卡",27102,"2017-02-02 17:38:53"
44441,"美髮護理(UcZedsmz)",1,1299,"信用卡",27102,"2017-02-02 17:42:50"
44447,"樂器(ObDGBecH)",2,1998,"信用卡",29506,"2017-02-02 18:42:40"
44450,"樂器(ObDGBecH)",1,1099,"ATM轉帳",18849,"2017-02-02 19:19:43"
44462,"樂器(ObDGBecH)",1,1099,"信用卡",28275,"2017-02-02 22:07:30"
44480,"寵物玩具(Um9x0x6Q)",1,580,"現金",27175,"2017-02-03 10:36:59"
44481,"飲品、沖泡品(07P0ztSz)",1,360,"現金",27175,"2017-02-03 10:36:59"
44482,"美髮護理(UcZedsmz)",1,1299,"信用卡",27395,"2017-02-03 10:37:34"
44489,"美髮護理(UcZedsmz)",1,1299,"信用卡",25461,"2017-02-03 10:39:38"
44492,"樂器(ObDGBecH)",1,1099,"ATM轉帳",25762,"2017-02-03 11:01:40"
44501,"電腦周邊配件(hI7YhHWd)",1,430,"信用卡",22520,"2017-02-03 11:15:24"
44502,"長褲(uSVBAP1W)",1,550,"信用卡",22520,"2017-02-03 11:15:24"
44503,"飲品、沖泡品(07P0ztSz)",1,360,"信用卡",22520,"2017-02-03 11:15:24"
44505,"長褲(uSVBAP1W)",1,550,"信用卡",24720,"2017-02-03 11:19:45"
44504,"汽車百貨(LtDCF3sN)",1,550,"信用卡",24720,"2017-02-03 11:19:45"
44506,"樂器(Hg55CKd0)",1,299,"信用卡",24720,"2017-02-03 11:19:45"
44508,"樂器(Hg55CKd0)",1,299,"信用卡",17395,"2017-02-03 11:28:23"
44507,"汽車百貨(LtDCF3sN)",1,550,"信用卡",17395,"2017-02-03 11:28:23"
44510,"長褲(IJcT9vm5)",1,749,"信用卡",26296,"2017-02-03 12:07:03"
44511,"寢具(qXMoq6Pn)",1,1099,"信用卡",18814,"2017-02-03 12:21:00"
44512,"電腦周邊配件(hI7YhHWd)",1,430,"現金",17350,"2017-02-03 12:24:04"
44513,"靴子(VgJhTfJ0)",1,350,"現金",17350,"2017-02-03 12:24:04"
44514,"腳踏車、自行車(QcSMgBTL)",1,360,"現金",17350,"2017-02-03 12:24:04"
44515,"男鞋(4pzsAdVf)",1,1149,"貨到付款",26924,"2017-02-03 12:24:08"
44516,"長褲(IJcT9vm5)",1,749,"信用卡",29378,"2017-02-03 12:24:58"
44518,"寢具(qXMoq6Pn)",1,1099,"信用卡",29626,"2017-02-03 12:32:59"
44519,"寢具(qXMoq6Pn)",1,1099,"貨到付款",29547,"2017-02-03 12:32:59"
44521,"樂器(ObDGBecH)",5,4695,"信用卡",17592,"2017-02-03 12:40:05"
44522,"男鞋(4pzsAdVf)",1,1149,"信用卡",28001,"2017-02-03 12:43:42"
44523,"寢具(qXMoq6Pn)",1,1099,"信用卡",29627,"2017-02-03 12:44:12"
44524,"長褲(IJcT9vm5)",1,749,"貨到付款",17628,"2017-02-03 12:50:26"
44525,"汽車百貨(LtDCF3sN)",1,550,"現金",27446,"2017-02-03 12:58:14"
44526,"長褲(uSVBAP1W)",1,550,"現金",27446,"2017-02-03 12:58:14"
44530,"樂器(Hg55CKd0)",1,299,"信用卡",26296,"2017-02-03 13:09:30"
44531,"汽車百貨(LtDCF3sN)",1,550,"信用卡",26296,"2017-02-03 13:09:30"
44532,"樂器(ObDGBecH)",1,1099,"ATM轉帳",25719,"2017-02-03 13:10:54"
44534,"樂器(ObDGBecH)",1,1099,"ATM轉帳",25719,"2017-02-03 13:13:22"
44563,"行李箱(2eHlZyy4)",1,1099,"信用卡",29602,"2017-02-03 13:30:28"
44567,"美髮護理(UcZedsmz)",1,1299,"信用卡",17577,"2017-02-03 13:50:55"
44568,"樂器(ObDGBecH)",1,1099,"信用卡",26585,"2017-02-03 14:22:38"
44572,"男鞋(4pzsAdVf)",1,1149,"信用卡",29628,"2017-02-03 14:41:39"
44573,"美髮護理(UcZedsmz)",2,2398,"信用卡",17592,"2017-02-03 14:49:32"
44574,"樂器(ObDGBecH)",2,1998,"信用卡",29629,"2017-02-03 15:16:25"
44583,"男鞋(4pzsAdVf)",1,1149,"信用卡",26814,"2017-02-03 17:22:07"
44586,"寢具(qXMoq6Pn)",1,1099,"信用卡",25230,"2017-02-03 17:49:01"
44585,"美髮護理(UcZedsmz)",1,1299,"信用卡",25230,"2017-02-03 17:49:01"
44589,"美髮護理(UcZedsmz)",1,1299,"貨到付款",28269,"2017-02-03 18:03:21"
44590,"男鞋(4pzsAdVf)",1,1149,"信用卡",28269,"2017-02-03 18:04:09"
44591,"寢具(qXMoq6Pn)",1,1099,"信用卡",28269,"2017-02-03 18:04:52"
44599,"樂器(ObDGBecH)",1,1099,"信用卡",28202,"2017-02-03 18:34:42"
44605,"男鞋(4pzsAdVf)",1,1149,"信用卡",25602,"2017-02-03 19:17:06"
44604,"樂器(ObDGBecH)",1,1099,"信用卡",25602,"2017-02-03 19:17:06"
44608,"男鞋(4pzsAdVf)",1,1149,"信用卡",25584,"2017-02-03 20:18:01"
44614,"樂器(ObDGBecH)",1,1099,"信用卡",22517,"2017-02-03 21:36:17"
44618,"美髮護理(UcZedsmz)",2,2398,"信用卡",17592,"2017-02-03 23:26:48"
44637,"長褲(IJcT9vm5)",1,749,"信用卡",27816,"2017-02-04 12:00:17"
44658,"男鞋(4pzsAdVf)",1,1149,"信用卡",25652,"2017-02-04 21:23:20"
44670,"男鞋(4pzsAdVf)",1,1149,"信用卡",29646,"2017-02-05 11:30:06"
44669,"樂器(ObDGBecH)",1,1099,"信用卡",29646,"2017-02-05 11:30:06"
44675,"樂器(ObDGBecH)",1,1099,"信用卡",29651,"2017-02-05 19:04:59"
44735,"樂器(ObDGBecH)",1,1099,"信用卡",29661,"2017-02-06 11:13:40"
44736,"清潔用品(jmN1jD3N)",1,949,"信用卡",25785,"2017-02-06 11:15:50"
44744,"樂器(ObDGBecH)",1,1099,"貨到付款",25025,"2017-02-06 11:49:38"
44748,"硬碟(nb7tP6Lv)",1,600,"信用卡",18950,"2017-02-06 12:09:36"
44747,"洋裝(Mri6GFPc)",1,580,"信用卡",18950,"2017-02-06 12:09:36"
44753,"耳機喇叭(Fv7A8ecG)",1,399,"信用卡",22520,"2017-02-06 12:15:09"
44754,"短褲(qhs0FINC)",1,480,"信用卡",22520,"2017-02-06 12:15:09"
44755,"硬碟(nb7tP6Lv)",1,600,"現金",17350,"2017-02-06 12:16:12"
44761,"皮夾(wEH9vX9Y)",1,380,"信用卡",19985,"2017-02-06 12:27:11"
44760,"耳機喇叭(Fv7A8ecG)",1,399,"信用卡",19985,"2017-02-06 12:27:11"
44762,"樂器(ObDGBecH)",1,1099,"信用卡",19985,"2017-02-06 12:28:17"
44764,"電腦周邊配件(f99Q23JL)",1,650,"現金",22576,"2017-02-06 12:30:49"
44765,"硬碟(nb7tP6Lv)",1,600,"現金",22576,"2017-02-06 12:30:49"
44763,"洋裝(Mri6GFPc)",1,580,"現金",22576,"2017-02-06 12:30:49"
44766,"電腦周邊配件(f99Q23JL)",1,650,"現金",27175,"2017-02-06 12:35:58"
44767,"硬碟(nb7tP6Lv)",1,600,"現金",27175,"2017-02-06 12:37:25"
44768,"樂器(ObDGBecH)",2,1998,"信用卡",17592,"2017-02-06 12:41:36"
44769,"皮夾(wEH9vX9Y)",1,380,"現金",18814,"2017-02-06 12:49:33"
44770,"耳機喇叭(Fv7A8ecG)",1,399,"現金",18814,"2017-02-06 12:49:33"
44782,"手錶(QXCM80rk)",1,640,"信用卡",18791,"2017-02-06 13:44:56"
44781,"耳機喇叭(Fv7A8ecG)",2,598,"信用卡",18791,"2017-02-06 13:44:56"
44783,"帽T(N1su2WNx)",1,620,"信用卡",18791,"2017-02-06 13:44:56"
44780,"硬碟(nb7tP6Lv)",1,600,"信用卡",18791,"2017-02-06 13:44:56"
44820,"寢具(qXMoq6Pn)",1,1099,"信用卡",28001,"2017-02-06 16:23:42"
44821,"涼鞋(FWeOcAov)",1,620,"貨到付款",26996,"2017-02-06 16:27:02"
44823,"清潔用品(jmN1jD3N)",1,949,"貨到付款",22554,"2017-02-06 16:30:57"
44825,"清潔用品(jmN1jD3N)",1,949,"貨到付款",27805,"2017-02-06 16:32:36"
44826,"清潔用品(jmN1jD3N)",1,949,"信用卡",27816,"2017-02-06 16:37:36"
44827,"清潔用品(jmN1jD3N)",2,1698,"貨到付款",20090,"2017-02-06 16:38:12"
44833,"清潔用品(jmN1jD3N)",2,1698,"貨到付款",25601,"2017-02-06 16:58:06"
44834,"清潔用品(jmN1jD3N)",1,949,"貨到付款",17507,"2017-02-06 17:00:46"
44843,"清潔用品(jmN1jD3N)",1,949,"ATM轉帳",26040,"2017-02-06 17:33:17"
44845,"清潔用品(jmN1jD3N)",1,949,"貨到付款",26924,"2017-02-06 17:43:22"
44847,"清潔用品(jmN1jD3N)",1,949,"信用卡",17906,"2017-02-06 17:53:36"
44848,"清潔用品(jmN1jD3N)",1,949,"貨到付款",25309,"2017-02-06 18:06:41"
44864,"清潔用品(jmN1jD3N)",1,949,"貨到付款",17353,"2017-02-06 19:37:00"
44865,"寢具(qXMoq6Pn)",1,1099,"貨到付款",17353,"2017-02-06 19:37:59"
44867,"寢具(qXMoq6Pn)",1,1099,"ATM轉帳",29671,"2017-02-06 20:27:18"
44872,"樂器(ObDGBecH)",1,1099,"信用卡",29673,"2017-02-06 21:24:02"
44877,"清潔用品(jmN1jD3N)",1,949,"信用卡",29605,"2017-02-06 21:36:36"
44879,"男鞋(4pzsAdVf)",1,1149,"信用卡",29675,"2017-02-06 21:57:12"
44880,"樂器(ObDGBecH)",1,1099,"信用卡",29675,"2017-02-06 21:57:12"
44881,"清潔用品(jmN1jD3N)",1,949,"ATM轉帳",17177,"2017-02-06 21:59:22"
44903,"男鞋(4pzsAdVf)",1,1149,"ATM轉帳",29682,"2017-02-07 06:54:55"
44902,"寢具(qXMoq6Pn)",1,1099,"ATM轉帳",29682,"2017-02-07 06:54:55"
44916,"樂器(ObDGBecH)",1,1099,"信用卡",29545,"2017-02-07 09:21:12"
44925,"平板電腦(C63f7WlS)",2,900,"信用卡",27102,"2017-02-07 10:20:09"
44926,"襪子(Lhru7tGr)",1,550,"信用卡",27102,"2017-02-07 10:20:09"
44927,"清潔用品(jmN1jD3N)",1,949,"貨到付款",17916,"2017-02-07 10:30:03"
44928,"硬碟(4soBgPkg)",1,350,"信用卡",26198,"2017-02-07 10:37:15"
44929,"音響、喇叭(PfOqOWBY)",1,320,"信用卡",26198,"2017-02-07 10:37:15"
44931,"清潔用品(jmN1jD3N)",1,949,"貨到付款",28114,"2017-02-07 10:39:40"
44936,"洋裝(j3GvLlti)",1,380,"信用卡",22556,"2017-02-07 10:41:07"
44935,"硬碟(4soBgPkg)",1,350,"信用卡",22556,"2017-02-07 10:41:07"
44933,"筆記型電腦(zsFbh8RN)",1,360,"信用卡",22556,"2017-02-07 10:41:07"
44934,"鍵盤滑鼠(2N1aO31h)",1,399,"信用卡",22556,"2017-02-07 10:41:07"
44937,"筆記型電腦(zsFbh8RN)",1,360,"信用卡",25845,"2017-02-07 10:43:35"
44939,"硬碟(4soBgPkg)",1,350,"信用卡",25845,"2017-02-07 10:43:35"
44938,"洋裝(j3GvLlti)",1,380,"信用卡",25845,"2017-02-07 10:43:35"
44952,"硬碟(4soBgPkg)",1,350,"信用卡",29545,"2017-02-07 10:50:59"
44953,"電玩遊戲(gNzqvico)",1,640,"信用卡",29545,"2017-02-07 10:50:59"
44951,"音響、喇叭(PfOqOWBY)",1,320,"信用卡",29545,"2017-02-07 10:50:59"
44950,"洋裝(j3GvLlti)",1,380,"信用卡",29545,"2017-02-07 10:50:59"
44954,"美容工具(7c6HYjKy)",1,580,"信用卡",27522,"2017-02-07 10:56:00"
44955,"硬碟(4soBgPkg)",2,500,"信用卡",27522,"2017-02-07 10:56:00"
44961,"洋裝(j3GvLlti)",1,380,"信用卡",29686,"2017-02-07 11:09:20"
44959,"美容工具(7c6HYjKy)",1,580,"信用卡",29686,"2017-02-07 11:09:20"
44962,"硬碟(4soBgPkg)",1,350,"信用卡",29686,"2017-02-07 11:09:20"
44960,"筆記型電腦(zsFbh8RN)",1,360,"信用卡",29686,"2017-02-07 11:09:20"
44967,"筆記型電腦(zsFbh8RN)",1,360,"貨到付款",22370,"2017-02-07 11:15:24"
44966,"襪子(Lhru7tGr)",1,550,"貨到付款",22370,"2017-02-07 11:15:24"
44964,"鍵盤滑鼠(2N1aO31h)",1,399,"貨到付款",22370,"2017-02-07 11:15:24"
44965,"涼鞋(FWeOcAov)",1,620,"貨到付款",22370,"2017-02-07 11:15:24"
44963,"美容工具(7c6HYjKy)",1,580,"貨到付款",22370,"2017-02-07 11:15:24"
44968,"手機平板與周邊(VAK6yK9O)",1,600,"信用卡",26923,"2017-02-07 11:29:11"
44969,"鍵盤滑鼠(2N1aO31h)",1,399,"信用卡",26923,"2017-02-07 11:29:11"
44970,"樂器(5c5k66oI)",1,380,"信用卡",26923,"2017-02-07 11:29:11"
44972,"襪子(Lhru7tGr)",2,900,"信用卡",25916,"2017-02-07 11:31:20"
44971,"美容工具(7c6HYjKy)",1,580,"信用卡",25916,"2017-02-07 11:31:20"
44979,"男鞋(4pzsAdVf)",1,1149,"信用卡",29687,"2017-02-07 11:35:20"
44980,"男鞋(4pzsAdVf)",1,1149,"ATM轉帳",25128,"2017-02-07 11:45:56"
44993,"電玩遊戲(gNzqvico)",1,640,"信用卡",27423,"2017-02-07 11:55:46"
44992,"樂器(5c5k66oI)",1,380,"信用卡",27423,"2017-02-07 11:55:46"
44994,"鍵盤滑鼠(2N1aO31h)",1,399,"信用卡",27423,"2017-02-07 11:55:46"
44990,"手機平板與周邊(VAK6yK9O)",2,1000,"信用卡",27423,"2017-02-07 11:55:46"
44991,"音響、喇叭(PfOqOWBY)",1,320,"信用卡",27423,"2017-02-07 11:55:46"
44995,"男鞋(4pzsAdVf)",1,1149,"信用卡",25580,"2017-02-07 11:57:06"
44996,"樂器(ObDGBecH)",1,1099,"信用卡",25580,"2017-02-07 11:57:06"
44998,"水壺、杯子(3rJXC82t)",1,650,"ATM轉帳",22607,"2017-02-07 12:01:32"
44999,"男鞋(4pzsAdVf)",1,1149,"信用卡",29690,"2017-02-07 12:05:32"
45000,"男鞋(4pzsAdVf)",1,1149,"信用卡",17347,"2017-02-07 12:06:15"
45001,"男鞋(4pzsAdVf)",1,1149,"貨到付款",25114,"2017-02-07 12:11:00"
45010,"男鞋(4pzsAdVf)",1,1149,"貨到付款",29691,"2017-02-07 13:12:24"
45023,"男鞋(4pzsAdVf)",1,1149,"貨到付款",26996,"2017-02-07 15:27:42"
45074,"樂器(ObDGBecH)",1,1099,"信用卡",27816,"2017-02-07 21:03:29"
45076,"樂器(ObDGBecH)",1,1099,"信用卡",18678,"2017-02-07 21:05:40"
45077,"清潔用品(jmN1jD3N)",1,949,"信用卡",18678,"2017-02-07 21:05:40"
45078,"美髮護理(UcZedsmz)",1,1299,"信用卡",26872,"2017-02-07 21:06:22"
45079,"寢具(qXMoq6Pn)",2,1998,"ATM轉帳",25850,"2017-02-07 21:07:04"
45080,"美髮護理(UcZedsmz)",1,1299,"ATM轉帳",25850,"2017-02-07 21:07:04"
45081,"樂器(ObDGBecH)",1,1099,"信用卡",26000,"2017-02-07 21:07:49"
45082,"美髮護理(UcZedsmz)",1,1299,"信用卡",17501,"2017-02-07 21:08:29"
45084,"樂器(ObDGBecH)",1,1099,"信用卡",22385,"2017-02-07 21:09:29"
45085,"樂器(ObDGBecH)",1,1099,"信用卡",29696,"2017-02-07 21:09:59"
45087,"樂器(ObDGBecH)",1,1099,"信用卡",25125,"2017-02-07 21:12:00"
45086,"美髮護理(UcZedsmz)",1,1299,"信用卡",25125,"2017-02-07 21:12:00"
45088,"寢具(qXMoq6Pn)",1,1099,"貨到付款",28251,"2017-02-07 21:15:31"
45089,"樂器(ObDGBecH)",1,1099,"信用卡",17350,"2017-02-07 21:16:40"
45090,"男鞋(4pzsAdVf)",1,1149,"貨到付款",27717,"2017-02-07 21:17:04"
45091,"樂器(ObDGBecH)",1,1099,"信用卡",27845,"2017-02-07 21:17:09"
45092,"清潔用品(jmN1jD3N)",1,949,"信用卡",27845,"2017-02-07 21:17:09"
45093,"樂器(ObDGBecH)",1,1099,"貨到付款",27717,"2017-02-07 21:17:56"
45095,"男鞋(4pzsAdVf)",1,1149,"信用卡",29697,"2017-02-07 21:18:21"
45094,"寢具(qXMoq6Pn)",1,1099,"信用卡",29697,"2017-02-07 21:18:21"
45096,"樂器(ObDGBecH)",1,1099,"ATM轉帳",17846,"2017-02-07 21:19:14"
45097,"樂器(ObDGBecH)",1,1099,"信用卡",28001,"2017-02-07 21:36:26"
45098,"美髮護理(UcZedsmz)",1,1299,"ATM轉帳",22390,"2017-02-07 21:36:35"
45100,"樂器(ObDGBecH)",1,1099,"信用卡",17571,"2017-02-07 21:42:56"
45105,"樂器(ObDGBecH)",1,1099,"信用卡",25542,"2017-02-07 22:17:11"
45107,"樂器(ObDGBecH)",1,1099,"信用卡",26871,"2017-02-07 22:21:52"
45108,"樂器(ObDGBecH)",1,1099,"信用卡",29704,"2017-02-07 22:57:53"
45109,"美髮護理(UcZedsmz)",1,1299,"信用卡",24850,"2017-02-07 23:14:42"
45110,"寢具(qXMoq6Pn)",1,1099,"貨到付款",25437,"2017-02-07 23:15:10"
45113,"樂器(ObDGBecH)",1,1099,"信用卡",29629,"2017-02-07 23:28:33"
45114,"樂器(ObDGBecH)",1,1099,"貨到付款",29512,"2017-02-07 23:49:05"
45125,"男鞋(4pzsAdVf)",1,1149,"貨到付款",29514,"2017-02-08 01:52:30"
45128,"男鞋(4pzsAdVf)",1,1149,"信用卡",20087,"2017-02-08 06:09:15"
45129,"清潔用品(jmN1jD3N)",1,949,"信用卡",17414,"2017-02-08 08:03:00"
45130,"男鞋(4pzsAdVf)",1,1149,"信用卡",25150,"2017-02-08 08:03:59"
45131,"樂器(ObDGBecH)",1,1099,"信用卡",25150,"2017-02-08 08:03:59"
45141,"樂器(ObDGBecH)",1,1099,"信用卡",29604,"2017-02-08 08:58:18"
45147,"樂器(ObDGBecH)",1,1099,"信用卡",30235,"2017-02-08 09:45:53"
45153,"樂器(ObDGBecH)",1,1099,"信用卡",17395,"2017-02-08 10:30:25"
45152,"美髮護理(UcZedsmz)",1,1299,"信用卡",17395,"2017-02-08 10:30:25"
45158,"美髮護理(UcZedsmz)",1,1299,"信用卡",29709,"2017-02-08 10:36:05"
45169,"樂器(ObDGBecH)",1,1099,"信用卡",28113,"2017-02-08 11:07:45"
45173,"硬碟(1KD1iEIn)",1,350,"信用卡",17676,"2017-02-08 11:29:36"
45174,"文具(qZ9ofhAJ)",1,550,"信用卡",17676,"2017-02-08 11:29:36"
45172,"生鮮食品(VEJNJ3bV)",1,400,"信用卡",17676,"2017-02-08 11:29:36"
45177,"涼鞋(Kfwyd4mH)",2,560,"信用卡",27540,"2017-02-08 11:34:03"
45176,"寵物玩具(HDXWsT2m)",1,360,"信用卡",27540,"2017-02-08 11:34:03"
45175,"汽車百貨(aLYBN46D)",1,650,"信用卡",27540,"2017-02-08 11:34:03"
45178,"硬碟(1KD1iEIn)",3,650,"信用卡",27540,"2017-02-08 11:34:03"
45180,"樂器(ObDGBecH)",1,1099,"信用卡",27470,"2017-02-08 11:39:21"
45184,"帽T(oKKinT65)",1,399,"信用卡",25150,"2017-02-08 12:01:51"
45188,"美髮護理(UcZedsmz)",1,1299,"ATM轉帳",17862,"2017-02-08 12:14:27"
45191,"樂器(ObDGBecH)",1,1099,"ATM轉帳",18675,"2017-02-08 12:38:43"
45204,"居家收納(rkJQIJMC)",1,400,"ATM轉帳",29714,"2017-02-08 15:09:33"
45205,"文具(qZ9ofhAJ)",1,550,"ATM轉帳",29714,"2017-02-08 15:09:33"
45206,"樂器(ObDGBecH)",1,1099,"信用卡",29714,"2017-02-08 15:11:48"
45210,"樂器(ObDGBecH)",1,1099,"信用卡",29715,"2017-02-08 16:12:45"
45211,"皮夾(saJ4CkvX)",1,890,"信用卡",26798,"2017-02-08 16:19:29"
45212,"皮夾(saJ4CkvX)",1,890,"ATM轉帳",24731,"2017-02-08 16:20:33"
45213,"皮夾(saJ4CkvX)",1,890,"ATM轉帳",22417,"2017-02-08 16:22:17"
45215,"皮夾(saJ4CkvX)",1,890,"信用卡",26476,"2017-02-08 16:28:05"
45216,"皮夾(saJ4CkvX)",1,890,"信用卡",22385,"2017-02-08 16:30:37"
45217,"皮夾(saJ4CkvX)",1,890,"現金",26837,"2017-02-08 16:32:52"
45219,"清潔用品(jmN1jD3N)",1,949,"信用卡",29717,"2017-02-08 17:38:46"
45257,"樂器(ObDGBecH)",5,4695,"信用卡",17592,"2017-02-09 10:46:18"
45270,"美髮護理(UcZedsmz)",1,1299,"信用卡",27777,"2017-02-09 11:50:57"
45285,"清潔用品(jmN1jD3N)",1,949,"ATM轉帳",29554,"2017-02-09 12:36:44"
45301,"寢具(qXMoq6Pn)",1,1099,"信用卡",29626,"2017-02-09 16:18:15"
45303,"樂器(ObDGBecH)",1,1099,"ATM轉帳",29727,"2017-02-09 16:26:28"
45304,"清潔用品(jmN1jD3N)",1,949,"信用卡",29712,"2017-02-09 16:32:10"
45330,"外套(ltyIqwqN)",1,929,"信用卡",30235,"2017-02-10 09:40:42"
45332,"樂器(fxGrG82Y)",1,1029,"信用卡",17577,"2017-02-10 09:46:58"
45339,"CD&DVD(L59EgcL7)",1,550,"信用卡",17369,"2017-02-10 11:15:51"
45340,"行動電源(nTEwbycU)",1,560,"信用卡",17369,"2017-02-10 11:15:51"
45341,"帽T(hf7CEL8o)",1,380,"信用卡",17369,"2017-02-10 11:15:51"
45353,"皮夾(YGfCao5m)",1,420,"信用卡",27889,"2017-02-10 11:25:22"
45352,"行動電源(nTEwbycU)",1,560,"信用卡",27889,"2017-02-10 11:25:22"
45354,"樂器(ObDGBecH)",1,1099,"貨到付款",28269,"2017-02-10 11:35:08"
45355,"美髮護理(UcZedsmz)",1,1299,"信用卡",28269,"2017-02-10 11:36:27"
45360,"CD&DVD(L59EgcL7)",1,550,"信用卡",24720,"2017-02-10 11:55:07"
45361,"CD&DVD(BbqhKScJ)",1,620,"信用卡",24720,"2017-02-10 11:55:07"
45359,"機車百貨(9LtNf78K)",1,299,"信用卡",24720,"2017-02-10 11:55:07"
45364,"生鮮食品(SKO9p99D)",1,540,"信用卡",26774,"2017-02-10 12:08:45"
45362,"帽T(hf7CEL8o)",1,380,"信用卡",26774,"2017-02-10 12:08:45"
45363,"CD&DVD(L59EgcL7)",1,550,"信用卡",26774,"2017-02-10 12:08:45"
45391,"皮夾(YGfCao5m)",1,420,"ATM轉帳",24987,"2017-02-10 12:12:59"
45390,"皮夾(b6qlrB7B)",1,350,"ATM轉帳",24987,"2017-02-10 12:12:59"
45392,"行動電源(nTEwbycU)",1,560,"ATM轉帳",24987,"2017-02-10 12:12:59"
45418,"外套(ltyIqwqN)",1,929,"貨到付款",22454,"2017-02-10 12:20:18"
45420,"外套(ltyIqwqN)",1,929,"ATM轉帳",26770,"2017-02-10 12:30:18"
45421,"樂器(fxGrG82Y)",1,1029,"信用卡",25125,"2017-02-10 12:33:18"
45422,"樂器(fxGrG82Y)",1,1029,"信用卡",27107,"2017-02-10 12:38:42"
45423,"樂器(fxGrG82Y)",1,1029,"信用卡",26730,"2017-02-10 12:50:22"
45425,"外套(ltyIqwqN)",1,929,"ATM轉帳",25485,"2017-02-10 12:55:46"
45427,"樂器(ObDGBecH)",1,1099,"貨到付款",22548,"2017-02-10 13:04:13"
45457,"樂器(fxGrG82Y)",1,1029,"ATM轉帳",27908,"2017-02-10 13:26:29"
45459,"外套(ltyIqwqN)",1,929,"信用卡",22422,"2017-02-10 13:36:47"
45479,"樂器(fxGrG82Y)",1,1029,"信用卡",17395,"2017-02-10 16:07:36"
45493,"樂器(fxGrG82Y)",1,1029,"信用卡",29465,"2017-02-10 20:38:32"
45496,"樂器(fxGrG82Y)",2,1858,"信用卡",29746,"2017-02-10 22:05:23"
45498,"樂器(fxGrG82Y)",1,1029,"信用卡",27320,"2017-02-10 22:51:25"
45515,"樂器(fxGrG82Y)",1,1029,"信用卡",25580,"2017-02-11 10:10:46"
45538,"樂器(ObDGBecH)",1,1099,"信用卡",29752,"2017-02-11 13:12:26"
45546,"樂器(ObDGBecH)",1,1099,"信用卡",29753,"2017-02-11 14:42:33"
45553,"外套(ltyIqwqN)",1,929,"信用卡",25652,"2017-02-11 16:10:30"
45569,"樂器(ObDGBecH)",1,1099,"信用卡",25580,"2017-02-11 19:27:43"
45585,"美髮護理(UcZedsmz)",1,1299,"信用卡",29762,"2017-02-12 08:49:40"
45594,"外套(ltyIqwqN)",1,929,"信用卡",25602,"2017-02-12 15:24:13"
45601,"外套(ltyIqwqN)",1,929,"ATM轉帳",29682,"2017-02-12 19:18:17"
45663,"洋裝(mB9AMJ3U)",1,550,"貨到付款",25999,"2017-02-13 12:25:52"
45664,"美髮護理(JXxxZKNz)",1,380,"貨到付款",25999,"2017-02-13 12:25:52"
45675,"電玩遊戲(2MDl0Emq)",1,350,"信用卡",19985,"2017-02-13 12:38:07"
45671,"美髮護理(JXxxZKNz)",1,380,"信用卡",19985,"2017-02-13 12:38:07"
45672,"手機平板與周邊(2POYl5kr)",1,350,"信用卡",19985,"2017-02-13 12:38:07"
45674,"運動鞋(UgsuRO7Q)",1,299,"信用卡",19985,"2017-02-13 12:38:07"
45673,"短褲(XKyVW25W)",1,350,"信用卡",19985,"2017-02-13 12:38:07"
45679,"短褲(XKyVW25W)",2,500,"信用卡",26948,"2017-02-13 12:51:58"
45678,"腳踏車、自行車(XFxVTdvb)",2,398,"信用卡",26948,"2017-02-13 12:51:58"
45677,"運動鞋(UgsuRO7Q)",2,398,"信用卡",26948,"2017-02-13 12:51:58"
45683,"寵物零食(4LySqBML)",1,279,"信用卡",26948,"2017-02-13 12:51:58"
45680,"手機平板與周邊(2POYl5kr)",2,500,"信用卡",26948,"2017-02-13 12:51:58"
45682,"燈具(YtnzoNQv)",1,299,"信用卡",26948,"2017-02-13 12:51:58"
45681,"文具(gemQDfWb)",1,380,"信用卡",26948,"2017-02-13 12:51:58"
45691,"美髮護理(UcZedsmz)",1,1299,"ATM轉帳",27107,"2017-02-13 14:04:29"
45696,"寵物零食(4LySqBML)",1,279,"信用卡",27470,"2017-02-13 14:11:41"
45694,"電玩遊戲(2MDl0Emq)",1,350,"信用卡",27470,"2017-02-13 14:11:41"
45695,"美妝保健(0I5DXRl1)",1,599,"信用卡",27470,"2017-02-13 14:11:41"
45698,"電玩遊戲(2MDl0Emq)",1,350,"信用卡",27637,"2017-02-13 14:28:49"
45700,"文具(gemQDfWb)",1,380,"信用卡",27637,"2017-02-13 14:28:49"
45699,"寵物零食(4LySqBML)",1,279,"信用卡",27637,"2017-02-13 14:28:49"
45703,"洋裝(mB9AMJ3U)",1,550,"信用卡",25652,"2017-02-13 14:32:53"
45702,"腳踏車、自行車(XFxVTdvb)",2,398,"信用卡",25652,"2017-02-13 14:32:53"
45721,"樂器(lkpPrbCi)",2,290,"現金",17920,"2017-02-13 15:56:07"
45720,"電視機(9xtDG4ov)",1,299,"現金",17920,"2017-02-13 15:56:07"
45734,"短褲(ne1PPyRu)",1,380,"信用卡",27777,"2017-02-13 16:10:38"
45733,"運動鞋(ExrA8Wb6)",1,599,"信用卡",27777,"2017-02-13 16:10:38"
45766,"肩背包(vllOK8zP)",1,399,"信用卡",27963,"2017-02-13 16:36:30"
45782,"外套(ltyIqwqN)",1,929,"ATM轉帳",29760,"2017-02-13 16:52:13"
45783,"肩背包(vllOK8zP)",1,399,"信用卡",28275,"2017-02-13 16:55:43"
45784,"樂器(lkpPrbCi)",1,245,"信用卡",28275,"2017-02-13 16:55:43"
45786,"長褲(IJcT9vm5)",1,749,"信用卡",26220,"2017-02-13 18:03:47"
45794,"長褲(IJcT9vm5)",1,749,"信用卡",29788,"2017-02-13 19:38:17"
45798,"電視機(9xtDG4ov)",1,299,"信用卡",26923,"2017-02-13 21:16:38"
45801,"肩背包(vllOK8zP)",1,399,"信用卡",26770,"2017-02-13 21:24:54"
45802,"電視機(9xtDG4ov)",1,299,"信用卡",26770,"2017-02-13 21:24:54"
45803,"樂器(ObDGBecH)",1,1099,"信用卡",17350,"2017-02-13 21:25:15"
45806,"樂器(ObDGBecH)",1,1099,"信用卡",29784,"2017-02-13 21:34:04"
45805,"外套(ltyIqwqN)",1,929,"信用卡",29784,"2017-02-13 21:34:04"
45807,"樂器(ObDGBecH)",1,1099,"信用卡",22473,"2017-02-13 21:36:42"
45808,"樂器(ObDGBecH)",1,1099,"信用卡",18867,"2017-02-13 21:40:53"
45809,"樂器(ObDGBecH)",1,1099,"信用卡",27824,"2017-02-13 21:41:15"
45810,"樂器(ObDGBecH)",1,1099,"信用卡",27945,"2017-02-13 21:45:26"
45812,"樂器(ObDGBecH)",1,1099,"信用卡",17739,"2017-02-13 22:02:17"
45813,"樂器(ObDGBecH)",1,1099,"信用卡",26975,"2017-02-13 22:02:34"
45814,"樂器(ObDGBecH)",1,1099,"信用卡",26938,"2017-02-13 22:07:56"
45820,"美髮護理(UcZedsmz)",1,1299,"貨到付款",18907,"2017-02-13 22:46:49"
45822,"樂器(ObDGBecH)",1,1099,"信用卡",18951,"2017-02-13 22:54:37"
45821,"樂器(fxGrG82Y)",1,1029,"信用卡",18951,"2017-02-13 22:54:37"
45827,"運動鞋(ExrA8Wb6)",3,1397,"現金",20104,"2017-02-13 22:59:22"
45828,"樂器(ObDGBecH)",1,1099,"信用卡",25879,"2017-02-13 23:01:59"
45833,"樂器(ObDGBecH)",1,1099,"ATM轉帳",29796,"2017-02-13 23:28:23"
45837,"美髮護理(UcZedsmz)",1,1299,"信用卡",17577,"2017-02-14 00:26:09"
45842,"樂器(ObDGBecH)",1,1099,"ATM轉帳",29764,"2017-02-14 06:50:04"
45841,"美髮護理(UcZedsmz)",1,1299,"ATM轉帳",29764,"2017-02-14 06:50:04"
45844,"樂器(ObDGBecH)",1,1099,"信用卡",29630,"2017-02-14 07:37:38"
45846,"樂器(ObDGBecH)",1,1099,"信用卡",25332,"2017-02-14 08:33:51"
45848,"美髮護理(UcZedsmz)",1,1299,"貨到付款",27847,"2017-02-14 09:08:22"
45854,"樂器(ObDGBecH)",1,1099,"貨到付款",22454,"2017-02-14 10:11:08"
45855,"樂器(ObDGBecH)",1,1099,"貨到付款",17507,"2017-02-14 10:15:33"
45857,"電視機(9xtDG4ov)",2,398,"ATM轉帳",17179,"2017-02-14 10:34:12"
45869,"美髮護理(UcZedsmz)",1,1299,"貨到付款",17604,"2017-02-14 11:14:55"
45871,"樂器(ObDGBecH)",1,1099,"信用卡",27648,"2017-02-14 11:22:11"
45873,"水壺、杯子(QdRyRPSN)",1,350,"現金",17899,"2017-02-14 11:28:52"
45874,"燈具(x5RGq2H6)",1,520,"現金",17899,"2017-02-14 11:28:52"
45876,"眼妝(RpvWkCls)",1,960,"信用卡",22531,"2017-02-14 11:29:19"
45875,"飲品、沖泡品(gjjop2bA)",1,550,"信用卡",22531,"2017-02-14 11:29:19"
45877,"美髮護理(UcZedsmz)",1,1299,"信用卡",27704,"2017-02-14 11:30:36"
45878,"飲品、沖泡品(gjjop2bA)",1,550,"信用卡",27472,"2017-02-14 11:30:37"
45879,"運動鞋(ExrA8Wb6)",1,599,"信用卡",27472,"2017-02-14 11:30:37"
45880,"眼妝(RpvWkCls)",1,960,"信用卡",27472,"2017-02-14 11:30:37"
45887,"短褲(ne1PPyRu)",1,380,"信用卡",17196,"2017-02-14 11:46:36"
45886,"後背包(IN3WeTol)",4,436,"信用卡",17196,"2017-02-14 11:46:36"
45888,"燈具(x5RGq2H6)",1,520,"信用卡",17196,"2017-02-14 11:46:36"
45889,"外套(ltyIqwqN)",1,929,"信用卡",28317,"2017-02-14 11:49:28"
45892,"燈具(x5RGq2H6)",1,520,"信用卡",25608,"2017-02-14 11:50:35"
45890,"運動鞋(ExrA8Wb6)",1,599,"信用卡",25608,"2017-02-14 11:50:35"
45891,"水壺、杯子(QdRyRPSN)",1,350,"信用卡",25608,"2017-02-14 11:50:35"
45896,"飲品、沖泡品(gjjop2bA)",1,550,"信用卡",26937,"2017-02-14 11:56:05"
45897,"電視機(9xtDG4ov)",1,299,"信用卡",17418,"2017-02-14 12:10:24"
45898,"樂器(ObDGBecH)",1,1099,"信用卡",29807,"2017-02-14 12:11:51"
45899,"水壺、杯子(QdRyRPSN)",2,500,"信用卡",27494,"2017-02-14 12:20:50"
45901,"電腦零組件(mEmS3uYp)",3,497,"信用卡",27494,"2017-02-14 12:20:50"
45900,"運動鞋(ExrA8Wb6)",2,998,"信用卡",27494,"2017-02-14 12:20:50"
45903,"側背包(nqef7MRB)",1,899,"ATM轉帳",25485,"2017-02-14 12:22:26"
45905,"樂器(ObDGBecH)",1,1099,"信用卡",25638,"2017-02-14 12:22:29"
45904,"側背包(nqef7MRB)",1,899,"信用卡",25638,"2017-02-14 12:22:29"
45909,"電腦零組件(mEmS3uYp)",1,299,"信用卡",25126,"2017-02-14 12:25:48"
45910,"蛋糕(CHq1mdEK)",1,299,"信用卡",25126,"2017-02-14 12:25:48"
45911,"居家收納(ZrOFwB3s)",1,399,"信用卡",25126,"2017-02-14 12:25:48"
45924,"側背包(nqef7MRB)",1,899,"信用卡",29808,"2017-02-14 12:48:11"
45925,"側背包(nqef7MRB)",2,1598,"信用卡",17519,"2017-02-14 12:51:10"
45926,"美髮護理(UcZedsmz)",1,1299,"信用卡",27947,"2017-02-14 12:55:44"
45928,"側背包(nqef7MRB)",1,899,"貨到付款",26826,"2017-02-14 13:20:14"
45930,"側背包(nqef7MRB)",1,899,"信用卡",29810,"2017-02-14 13:28:41"
45931,"側背包(nqef7MRB)",1,899,"ATM轉帳",22417,"2017-02-14 13:32:42"
45933,"側背包(nqef7MRB)",1,899,"信用卡",29811,"2017-02-14 14:10:34"
45938,"外套(ltyIqwqN)",1,929,"ATM轉帳",25999,"2017-02-14 14:31:03"
45947,"美髮護理(UcZedsmz)",1,1299,"信用卡",17858,"2017-02-14 15:08:44"
45948,"側背包(nqef7MRB)",1,899,"信用卡",29545,"2017-02-14 15:13:50"
45969,"樂器(lkpPrbCi)",1,245,"信用卡",27833,"2017-02-14 15:57:16"
45968,"皮夾(C4rVpcBj)",4,640,"信用卡",27833,"2017-02-14 15:57:16"
45972,"樂器(fxGrG82Y)",1,1029,"ATM轉帳",27334,"2017-02-14 16:13:47"
45982,"側背包(muo1DhMB)",1,399,"ATM轉帳",26029,"2017-02-14 16:48:30"
45981,"導航、行車紀錄器(p2tIi6lz)",1,299,"ATM轉帳",26029,"2017-02-14 16:48:30"
45983,"導航、行車紀錄器(Xq0kiVeX)",1,299,"ATM轉帳",26029,"2017-02-14 16:48:30"
45989,"側背包(muo1DhMB)",1,399,"信用卡",17577,"2017-02-14 17:50:24"
